3568 5294
936 567 1151 634 ..12-

557 765 660 846 Quod,
685 765 832 845 quamuis
854 785 960 847 pauca
976 767 1219 847 tragoediarum
1237 767 1427 850 fragmenta
1443 770 1535 836 nobis
1560 776 1625 837 tra·

450 869 520 936 dita
543 871 621 953 sint,
644 889 721 937 casu
745 871 868 938 factum
893 891 964 938 esse
986 871 1115 938 omuino
1137 873 1326 955 negauerim
1349 895 1389 942 ac
1412 877 1623 943 confirmatur

450 979 529 1044 llaec
559 977 645 1044 ratio
680 978 956 1060 inscriptionibus.
1004 999 1078 1046 nam
1112 979 1158 1045 ibi
1193 987 1326 1062 praeter
1357 983 1429 1048 illos
1460 983 1546 1048 locos
1577 985 1625 1050 in-

450 1085 679 1167 numerabiles,
704 1085 820 1168 quibus
844 1092 955 1152 exstat
977 1085 1016 1152 F.
1034 1087 1256 1169 compendium
1283 1109 1342 1170 pro
1363 1088 1451 1169 dilus
1473 1089 1624 1172 positum,
1686 1127 1688 1131 ·

448 1192 480 1256 iu
505 1191 775 1275 inscriptionibus
800 1194 959 1259 orationis
983 1196 1110 1260 solutae
1133 1195 1194 1260 lilii
1217 1197 1409 1263 uocabulum
1443 1197 1625 1264 inuenimus

450 1298 560 1379 illies,
592 1300 641 1365 bis
673 1301 896 1368 tantummodo
930 1301 962 1368 in
991 1302 1152 1384 metricis;
1179 1306 1295 1384 quotus
1324 1323 1401 1369 uero
1423 1313 1555 1386 praeter
1579 1305 1625 1370 in·

448 1406 642 1488 scriptiones
667 1409 800 1491 Tuscas,
825 1408 1006 1491 dequibus
1034 1429 1108 1476 mox
1138 1411 1202 1476 erit
1227 1411 1407 1494 dicemlum,
1432 1413 1465 1478 in
1490 1413 1625 1496 inscrip-

448 1515 593 1581 tionibus
626 1515 786 1581 orationis
816 1517 942 1584 solutae
976 1525 1086 1584 exstat
1116 1538 1284 1602 nusquam,
1308 1521 1405 1586 semel
1430 1519 1461 1585 in
1488 1520 1624 1602 inscrip—

447 1621 536 1687 tione
565 1621 702 1688 metrica
733 1622 847 1689 CILI
885 1623 990 1708 1007;
1022 1644 1127 1706 neque
1156 1629 1255 1707 paolo
1289 1627 1320 1692 in
1356 1627 1624 1709 inscriptionibus

447 1730 574 1794 solutae
598 1729 759 1795 orationis
784 1750 918 1812 usquam
943 1731 1122 1815 inuenitur,
1145 1733 1200 1798 sed
1226 1734 1258 1798 in
1283 1734 1426 1799 metricis
1444 1733 1622 1816 quinquies,

444 1835 517 1915 [iliu
546 1837 577 1902 in
609 1836 881 1920 inscriptionibus
913 1839 1073 1906 orationis
1097 1841 1225 1906 solutae
1249 1847 1382 1923 praeter
1406 1839 1446 1906 F.
1479 1861 1623 1923 compen·

447 1945 531 2009 dium
566 1945 648 2010 satis
682 1946 836 2026 frequens
861 1952 971 2013 exstat
1002 1947 1067 2030 bis3
1092 1953 1128 2014 ut
1152 1948 1201 2013 bis
1225 1949 1323 2014 etiarn
1354 1948 1386 2012 in
1411 1947 1624 2029 inscriptione

449 2051 587 2122 metrica
610 2053 722 2119 eadem
750 2062 964 2136 usurparetur
989 2052 1074 2131 (CIL
1098 2055 1115 2120 Ι
1140 2053 1243 2138 1008;
1284 2056 1316 2120 cf
1337 2076 1357 2138 p
1382 2053 1447 2136 10),
1472 2055 1504 2120 ni
1529 2057 1624 2120 ualde

449 2159 558 2240 fallor,
594 2159 767 2226 uarietatis
797 2180 897 2226 causa
922 2162 1044 2228 iactum
1079 2168 1138 2228 est.
1186 2164 1246 2227 lroc
1276 2182 1352 2229 uero
1376 2169 1427 2228 est
1450 2163 1623 2228 tenendum

445 2271 478 2331 et
502 2266 554 2330 bic
588 2274 619 2332 et
644 2268 757 2333 ciiii
787 2267 830 2334 32
863 2269 962 2334 filium
997 2269 1048 2335 nel
1079 2269 1177 2335 filiam
1203 2275 1366 2352 tanquan
1390 2269 1518 2352 publice
1542 2270 1624 2353 dici3

446 2393 520 2439 narn
546 2375 631 2455 quod
655 2375 833 2441 Buecheler
858 2381 950 2456 putat
975 2377 1056 2442 illud
1079 2375 1209 2440 Locr'om
1224 2375 1367 2456 Scipione
1387 2376 1470 2456 filios
1490 2376 1624 2441 Barduli

446 2501 569 2548 sumina
598 2500 667 2547 cnm
703 2482 845 2547 elatione
886 2488 919 2548 et
947 2483 1124 2549 altitudine
1152 2485 1308 2550 sermonis
1339 2484 1460 2549 dictum
1491 2485 1538 2548 eis
1569 2485 1622 2566 qui

445 2594 512 2654 tum
538 2597 634 2654 erant
658 2589 759 2654 uisum
786 2609 867 2668 esse,
892 2589 1094 2670 argumentis
1118 2590 1251 2672 probari
1276 2611 1337 2656 non
1362 2598 1481 2672 potest.

552 2697 670 2761 Restat
684 2702 719 2761 ut
733 2715 868 2779 agamus
886 2697 925 2762 de
944 2697 1210 2780 inscriptionibus
1228 2700 1343 2764 'Poscis
1360 2719 1460 2780 prope
1477 2700 1619 2764 Clusium

445 2812 478 2867 et
511 2803 679 2870 Perusiam
714 2803 857 2870 inuentis
883 2805 955 2870 CIL
989 2805 1023 2881 Ι,
1057 2803 1289 2872 1346—1392.
1338 2807 1370 2871 in
1405 2807 1454 2870 liis
1483 2807 1619 2887 primum

448 2929 644 2993 praenomen
671 2930 861 2992 nomenque,
885 2912 1003 2978 deinde
1028 2931 1141 2978 nomen
1165 2914 1280 2995 patris,
1313 2920 1474 2995 postremo
1506 2933 1619 2979 nomen

444 3017 561 3082 matris
582 3018 657 3098 poni
682 3037 750 3083 mos
775 3025 824 3084 est
847 3026 885 3084 ut

768 3122 801 3188 0.
831 3124 959 3190 Caesius
988 3122 1073 3208 Of.
1105 3125 1205 3190 Vario
1227 3131 1292 3190 aar.

685 3231 737 3297 uel
761 3230 871 3295 Artorio
894 3233 966 3297 Sero.
989 3232 1013 3312 f.
1044 3232 1154 3298 Cossio
1178 3237 1266 3297 aulo.

550 3341 674 3405 Harum
708 3339 956 3422 inscriptionum
994 3341 1219 3422 duodeuiginti
1255 3360 1389 3408 numero
1428 3344 1459 3406 in
1495 3348 1618 3423 septem

442 3447 549 3529 patris
583 3465 698 3511 nornen
735 3445 882 3512 additum
919 3467 981 3514 non
1019 3453 1078 3514 est.
1126 3448 1239 3530 quodsi
1269 3449 1450 3514 Buecheler
1471 3450 1493 3515 l.
1522 3449 1542 3514 l.
1573 3449 1619 3515 sic

442 3552 591 3619 disserit:
625 3550 720 3616 Deua
751 3552 799 3616 dci
822 3552 925 3616 diesen
955 3549 1065 3637 (putat
1089 3551 1226 3636 Tuscos)
1262 3556 1303 3619 ist
1338 3554 1531 3619 bolanorum
1564 3555 1620 3619 dor

441 3653 657 3724 Mulierculae
671 3679 731 3723 atur
748 3659 846 3724 vollen
863 3659 1088 3725 Nonrcnclotur
1103 3660 1313 3742 erforderlo'od,
1336 3661 1420 3726 niclrt
1437 3662 1486 3727 dic
1509 3661 1618 3728 Voler-

439 3766 548 3848 solrnst,
570 3766 705 3831 sorodcrn
729 3766 778 3831 dic
799 3767 991 3833 nudttcrlc'clrc
1007 3767 1167 3848 Herbnnsl
1190 3767 1322 3832 Zoicben
1343 3769 1398 3832 der
1413 3768 1618 3852 Ebeubdrtip·

440 3875 510 3948 leit,
535 3882 624 3941 recte
648 3893 718 3941 eum
744 3875 866 3941 dixisse
890 3876 1036 3956 equidem
1061 3875 1140 3941 milri
1163 3875 1364 3958 persuadere
1389 3896 1450 3942 non
1474 3897 1615 3960 possum.

440 4003 514 4048 nam
539 3983 566 4046 si
591 4001 627 4047 re
658 4002 736 4049 uera
759 4001 1038 4064 superuacaneum
1071 3982 1187 4050 fuisset
1218 3981 1324 4064 patris
1351 4002 1464 4050 nomen
1490 3984 1549 4064 ita,
1582 3992 1617 4050 ut

440 4097 474 4155 et
496 4089 574 4154 addi
598 4095 633 4154 et
656 4108 718 4155 non
743 4089 819 4156 addi
844 4108 946 4170 aeque
970 4089 1094 4169 liceret,
1128 4090 1226 4156 etiam
1251 4090 1283 4155 in
1309 4089 1375 4156 illis
1399 4090 1617 4173 inscriptioni·

440 4198 512 4277 bus,
536 4197 654 4277 quibus
678 4198 782 4278 patris
803 4215 917 4261 nomen
939 4196 1086 4264 additum
1104 4202 1162 4280 est,
1185 4198 1301 4273 matris
1319 4217 1433 4264 nomen
1450 4201 1616 4282 praeponi,

439 4303 545 4385 patris
569 4322 684 4369 nomen
708 4303 848 4369 secundo
872 4303 997 4370 demum
1035 4304 1105 4370 loco
1129 4305 1202 4386 poni
1229 4307 1413 4387 oportebat.
1461 4307 1618 4373 nelliano

441 4411 480 4476 ob
505 4428 635 4476 causam
662 4409 854 4476 Buechele'ri
887 4411 1051 4478 sententia
1079 4411 1245 4478 reicienda
1278 4431 1350 4479 esse
1374 4413 1512 4480 uidetur.
1561 4413 1616 4480 sed
