3568 5294
903 602 1099 669 ..6-

414 780 499 847 locos
518 785 840 847 commemoraturum
857 800 892 846 se
909 801 981 846 esse
997 781 1097 861 dicat,
1122 780 1237 861 quibus
1260 778 1404 842 mortales
1426 779 1589 860 significet

413 885 590 959 Mausoleum,
616 888 737 953 addere
761 890 933 969 oportebat
960 889 1066 953 Bacch
1092 885 1168 968 293,
1193 887 1277 968 Capt
1300 884 1376 966 822,
1402 889 1488 951 Poeu
1514 885 1587 968 aot,

414 993 489 1077 653,
512 997 587 1060 Com
604 1016 625 1078 p
642 993 684 1061 25
709 992 899 1076 Naeu1063
923 1015 943 1076 p
965 993 1029 1059 225
1054 997 1155 1074 Pomp
1179 993 1209 1060 3.
1247 994 1305 1058 hoc
1328 1013 1453 1074 quoqne
1478 1000 1588 1058 tenen-

414 1103 488 1168 dum
522 1107 572 1168 est
605 1123 668 1168 tion
707 1103 809 1168 solnm
844 1102 935 1167 deum
971 1121 1078 1182 regem
1109 1101 1244 1166 militem
1284 1100 1366 1166 illud
1400 1101 1587 1166 uocabulum

413 1228 581 1293 usurpare,
615 1210 671 1276 sed
704 1210 800 1276 etiam
839 1228 967 1274 seruum
1010 1209 1157 1274 lenonem
1183 1209 1287 1274 lenam
1321 1208 1417 1289 idque
1452 1208 1588 1273 senariis

413 1336 538 1398 quoque
569 1317 727 1384 uersibus,
791 1315 932 1395 accedit,
968 1321 1005 1380 ut
1037 1316 1124 1396 apud
1156 1315 1363 1396 Terentium,
1398 1314 1452 1396 qui
1488 1315 1589 1380 multo

412 1423 547 1504 politius
583 1424 701 1490 scribit
732 1443 826 1505 quam
852 1424 1000 1504 Plautus,
1023 1421 1170 1484 mortales
1200 1423 1257 1488 illo
1278 1423 1374 1492 ‚ruodo
1399 1429 1588 1504 usurpatum

414 1550 477 1595 non
502 1530 714 1612 inueniamuS,
739 1530 855 1595 deinde
879 1535 915 1594 ut
939 1528 1105 1595 Ciceronis
1129 1528 1161 1594 in
1187 1529 1337 1610 operibus
1359 1528 1589 1610 philosophicis

413 1636 494 1702 illud
530 1639 720 1703 uocabulum
754 1656 881 1718 semper
912 1637 982 1701 fere
1014 1635 1177 1718 significet
1200 1636 1345 1700 homiues
1376 1635 1510 1700 miseros
1533 1636 1589 1699 im·

414 1744 559 1826 bacillos,
583 1744 614 1809 in
640 1744 841 1810 orationibus
858 1743 955 1806 Lente
977 1741 1033 1822 (cl.
1052 1744 1093 1808 H.
1113 1745 1275 1824 Merpuet,
1298 1742 1443 1808 Lexieon
1464 1763 1503 1807 zu
1527 1743 1587 1806 den

415 1835 531 1932 philos
557 1850 724 1917 Schriften
742 1851 872 1918 Ciceros
896 1852 942 1932 ΙΙ,
969 1849 1073 1932 1892;
1097 1850 1241 1916 Lexioon
1267 1869 1306 1914 zu
1327 1849 1456 1914 Ciceros
1475 1849 1587 1914 Redeu

412 1959 466 2023 III
484 1955 595 2038 1882).
639 1957 756 2023 afferre
773 1958 871 2022 etiam
891 1978 928 2024 ea
949 1975 1128 2039 possumnS,
1152 1976 1235 2037 qrrae
1250 1955 1375 2021 Cellius
1393 1958 1431 2021 N.
1449 1959 1489 2022 A.
1504 1957 1589 2022 XIII

413 2061 455 2129 29
487 2061 559 2142 (28)
583 2064 735 2130 disserit:
774 2063 820 2126 nil
842 2068 946 2126 uatem
972 2063 1131 2126 arbitrere
1163 2082 1274 2126 consue
1301 2062 1407 2142 foisse,
1434 2063 1517 2142 qaod
1537 2065 1590 2126 air

412 2171 582 2234 modesti
603 2175 725 2251 utque
753 2171 845 2250 pari
867 2190 912 2234 oc
932 2191 1061 2250 propo
1083 2169 1306 2234 cotidiani
1328 2171 1477 2233 serleonis
1500 2173 1589 2233 ‘mor-

413 2271 538 2341 talibus'
567 2278 679 2342 maleel
703 2298 796 2360 paura
828 2272 1022 2342 ‘borreialbas'
1058 2277 1174 2350 dicore,
1218 2279 1245 2343 si
1274 2298 1337 2344 non
1368 2279 1465 2344 Gellii
1491 2279 1589 2345 ratio

415 2385 620 2468 cinationem,
644 2393 679 2452 at
698 2406 764 2452 rem
790 2386 892 2468 ipsam
917 2389 1103 2468 probantes
1156 2387 1157 2390 ’

522 2493 612 2576 Quae
649 2513 719 2559 crim
752 2493 801 2558 ita
833 2493 900 2558 sint
927 2527 960 2535 -
989 2512 1093 2574 neque
1124 2495 1312 2559 Cramerum
1345 2492 1459 2575 lugere
1483 2493 1590 2575 potnit

415 2598 490 2680 nisi,
514 2601 600 2680 quod
624 2600 693 2681 ipse
710 2620 741 2682 p.
759 2599 820 2665 341
843 2600 977 2683 latetur,
1002 2598 1084 2665 uitio
1103 2600 1309 2666 collectorum
1333 2637 1379 2682 —,
1398 2601 1587 2665 uocabulum

415 2707 598 2772 mortalium
630 2707 806 2772 communis
839 2707 994 2772 sermonis
1020 2706 1120 2772 inisse
1143 2714 1291 2788 apparet.
1339 2707 1422 2788 quod
1452 2713 1486 2771 ut
1511 2727 1588 2788 pau-

415 2813 506 2879 latIm
540 2816 581 2879 ab
616 2833 675 2879 usn
710 2818 943 2895 reponeretur,
968 2812 1108 2894 Vergilii
1138 2813 1336 2879 auctoritate
1373 2813 1493 2878 laetum
1519 2834 1589 2879 esse

415 2921 551 2987 Cramer
583 2923 665 2986 bene
699 2921 857 3004 coniecit3
888 2921 945 2986 sed
970 2926 1006 2986 ut
1030 2920 1153 2986 duobus
1182 2921 1321 2985 saeculis
1345 2925 1419 3002 post
1441 2922 1482 2985 ab
1507 2922 1590 2986 auti·

416 3026 539 3108 quariis
564 3027 596 3091 iu
623 3046 712 3092 usum
738 3027 954 3110 reciperetur,
977 3027 1135 3093 Plauti
1152 3027 1381 3093 auctoritatem
1404 3048 1466 3093 non
1485 3027 1589 3093 minus

415 3134 558 3232 ualuisse
581 3140 659 3216 puto
683 3152 777 3214 qnam
802 3134 891 3200 Enni
916 3135 1050 3201 Catonis
1074 3135 1211 3201 Sallusti
1233 3135 1410 3200 Ciceronis.

465 3492 1027 3561 2.Fi1iustilia—
1077 3501 1543 3576 gnatusgnata.

523 3673 720 3739 Vocabulum
753 3672 813 3738 lilii
838 3673 987 3738 nocatiuc
1019 3672 1139 3738 dictum
1173 3673 1259 3755 apud
1289 3686 1402 3754 poetas
1428 3675 1588 3738 Romanos

416 3780 554 3847 comicos
576 3801 638 3846 non
662 3779 803 3847 inueniri
851 3781 906 3846 Fr.
932 3780 1113 3845 Buecheler
1128 3776 1225 3860 (blus.
1241 3781 1346 3846 Rben.
1363 3779 1414 3862 39,
1430 3778 1509 3860 412)
1525 3781 1587 3845 iam

415 3888 546 3970 attulit,
571 3889 627 3955 sed
652 3907 721 3953 cnm
746 3907 864 3954 causae
888 3887 1005 3968 quibus
1029 3887 1080 3952 uir
1104 3887 1159 3952 ille
1183 3887 1390 3952 doctissimus
1417 3888 1499 3952 banc
1523 3908 1587 3953 rem

415 3996 497 4062 satis
513 3997 628 4062 miram
646 3997 854 4078 explanabat,
872 3995 951 4060 mihi
967 3994 1093 4075 quidem
1113 3995 1246 4076 probari
1262 4014 1325 4060 non
1342 4014 1436 4076 posse
1456 3995 1589 4060 uidean-

416 4111 479 4186 tur,
512 4123 598 4169 nunc
633 4103 709 4184 quid
746 4101 878 4167 intersit
909 4102 994 4166 iuter
1028 4102 1187 4166 uocabula
1218 4102 1277 4166 filii
1310 4102 1397 4167 filiae
1431 4106 1463 4166 et
1496 4101 1588 4182 gnati

416 4217 548 4292 gnatae,
573 4210 759 4276 accuratius
776 4209 1010 4291 perquiramus
1044 4227 1081 4272 nc
1104 4207 1239 4288 primum
1265 4210 1403 4290 quidem,
1427 4229 1466 4274 ne
1483 4209 1589 4274 desint

415 4316 599 4399 quaestioni
614 4316 838 4398 fundamenta,
858 4335 967 4381 omnes
983 4315 1139 4397 autiquae
1160 4315 1336 4382 latinitatis
1353 4317 1450 4398 loom,
1474 4316 1588 4400 quibus

416 4425 498 4491 baec
521 4425 682 4491 runcabula
711 4428 853 4507 exstant,
878 4421 1147 4491 enumerabimus.
