3568 5294
687 579 904 646 „51-

320 777 509 844 Terentium
534 787 653 857 autem,
678 777 705 841 si
729 777 816 858 apud
841 777 1058 849 Menandrum
1090 798 1198 844 senem
1232 799 1294 844 non
1332 780 1387 846 du·

214 887 297 952 nisse
323 905 451 951 uxorem
478 886 548 950 iure
573 885 707 963 Langen
736 890 880 966 putaret,
910 902 1061 950 scaenam
1086 885 1175 950 illam
1200 887 1387 952 additurum

214 994 328 1074 fuisse,
353 1012 392 1058 ne
408 994 626 1058 Romanorum
644 1011 749 1056 mores
767 992 1062 1072 uerecundiamque
1081 991 1261 1059 offenderet
1286 995 1387 1060 uitam

214 1101 367 1166 caelibem
393 1092 555 1178 tamquam
580 1099 709 1178 impiam
735 1117 805 1163 esse
829 1099 1025 1179 putantium,
1051 1099 1198 1179 equidem
1223 1120 1387 1182 nunquam

214 1207 417 1272 crediderim.
465 1225 537 1270 nam
577 1204 750 1270 morositas
775 1224 815 1269 ue
840 1205 982 1284 Augusti
1015 1205 1144 1286 quidam
1178 1213 1288 1273 aetate
1312 1208 1388 1273 talis

214 1323 286 1379 erat
310 1327 342 1378 61
368 1313 527 1378 Horatius
553 1311 717 1392 Vergilius
741 1311 799 1376 alii
825 1313 896 1392 lege
919 1313 1073 1393 Poppaea
1103 1333 1165 1379 non
1192 1313 1387 1394 impediente

214 1421 353 1486 caelibes
378 1429 483 1485 erant.
532 1418 668 1484 ’1611111
692 1426 799 1484 autem
825 1425 936 1484 aetate
972 1419 1068 1486 facile
1103 1428 1212 1502 potest
1236 1422 1386 1503 intellegi

213 1535 336 1609 quanta
375 1526 477 1592 fuerit
509 1545 629 1591 morum
665 1525 922 1607 disciplinaeque
956 1527 1117 1594 seueritas
1153 1548 1274 1606 eorum,
1308 1547 1387 1610 quos

213 1636 363 1701 Casinam
390 1635 534 1700 fabulam
558 1634 716 1716 imprimis
746 1637 919 1700 obscenam
954 1635 1100 1700 studiose
1124 1643 1160 1700 ut
1184 1636 1287 1701 denuo
1312 1637 1386 1701 ede·

214 1754 307 1809 retur
332 1743 497 1824 expetisse
521 1761 562 1807 ex
586 1742 659 1808 011.
683 1743 755 1823 prol
772 1740 813 1807 11
838 1761 868 1822 q.
894 1762 918 1808 s
945 1742 1154 1824 cognocimus
1178 1738 1226 1821 (ci
1248 1743 1386 1819 Schoell,

213 1852 284 1917 Cas.
317 1849 421 1932 prael.
459 1846 602 1930 pVIl):
637 1851 694 1914 hos
728 1850 828 1914 nimia
856 1849 1039 1932 postulasse
1069 1849 1238 1930 quisquam
1268 1849 1386 1930 putat?

213 1958 297 2039 quod
323 1957 440 2022 deinde
472 1957 603 2021 adrem
633 1956 740 2038 ipsam
767 1957 1004 2047 explanandam
1030 1957 1166 2037 Langen
1191 1957 1320 2023 addidit
1348 1994 1381 2001 -

212 2065 364 2130 similiter
399 2065 467 2129 Leo
499 2060 677 2144 (Deutsche
707 2065 921 2130 Litteraturz.
958 2062 1053 2144 1882,
1091 2062 1169 2142 358)
1204 2074 1236 2130 61
1270 2065 1386 2130 Schlee

213 2169 313 2251 (Berl.
344 2172 421 2254 phil.
448 2173 681 2237 Wochenschr.
711 2170 742 2253 2,
775 2170 830 2251 99)
856 2172 1081 2238 disseruerunt
1119 2206 1157 2216 —
1190 2171 1386 2237 Aeschinum

212 2278 292 2344 illud
315 2279 445 2357 protrusi
467 2298 520 2358 opo
544 2277 607 2340 illis
630 2279 671 2343 ad
687 2286 814 2360 tempus
830 2278 975 2359 finxisse,
999 2279 1077 2344 mihi
1092 2278 1232 2360 quidem,
1257 2279 1386 2344 etiamsi

213 2387 294 2453 talia
323 2387 408 2468 apud
441 2394 557 2468 poetas
590 2387 756 2451 scaenicos
781 2407 859 2452 sane
893 2386 1104 2454 inueniuntur
1135 2383 1183 2466 (cf
1213 2386 1289 2451 Lor.
1316 2385 1385 2450 Mil.

214 2490 323 2574 1007),
349 2501 457 2560 tamen
484 2513 637 2574 peruerse
661 2493 843 2560 coniectum
868 2514 938 2559 esse
961 2494 1104 2560 uidetur.
1159 2513 1234 2559 nam
1260 2492 1384 2573 siquis

214 2602 337 2682 fingere
361 2602 442 2680 uult,
467 2601 514 2666 ita
539 2620 610 2666 eum
635 2601 768 2666 mentiri
794 2608 933 2682 oportet,
964 2608 1000 2666 ut
1031 2600 1121 2666 credi
1148 2599 1253 2682 possit
1285 2598 1386 2680 speci·

213 2728 326 2789 amque
356 2710 476 2773 habeat
511 2703 672 2774 ueritatis
722 2709 778 2774 sed
812 2706 1017 2789 Aeschinum,
1046 2708 1101 2788 qui
1132 2707 1236 2790 primo
1265 2706 1385 2773 tacitus

211 2814 412 2896 pauidusqne
445 2836 464 2878 a
489 2817 611 2881 Demea
641 2817 767 2881 demtum
795 2822 830 2881 ut
861 2815 932 2896 ipse
959 2835 1086 2896 quoque
1109 2815 1281 2880 Micionem
1312 2833 1385 2895 pre-

213 2920 304 2986 cibus
319 2931 446 3002 peteret
470 2929 646 2988 commotus
671 2922 750 2987 nihil
776 2922 875 2988 atita
900 2922 1002 2988 dicam
1029 2921 1095 2986 nisi
1110 2921 1250 2987 Demeae
1274 2941 1383 2987 uocem

212 3027 363 3106 remittit,
398 3029 586 3109 promisisse
620 3029 686 3093 illis
728 3036 959 3109 auctoremque
991 3028 1094 3094 fuisse
1127 3027 1253 3094 consilii
1288 3028 1385 3094 Micio

212 3136 344 3202 credere
381 3155 443 3201 non
480 3143 598 3216 potest.
646 3135 726 3202 nihil
760 3136 863 3217 igitur
892 3135 956 3201 1111
981 3136 1076 3218 docti,
1111 3135 1167 3217 qui
1201 3135 1240 3201 de
1274 3134 1384 3200 Caroli

214 3243 376 3309 Dziatzko
410 3243 551 3309 editione
583 3242 737 3309 iudicium
772 3244 932 3326 fecerunt,
967 3243 1001 3308 in
1026 3244 1087 3309 hac
1121 3243 1312 3323 quaestione
1341 3244 1382 3308 ab

213 3349 269 3414 illo
294 3350 364 3431 ipso
389 3352 470 3414 hene
495 3362 580 3415 mota
605 3350 760 3433 (Adelph.
795 3350 898 3432 praef.
924 3370 944 3432 p
969 3349 988 3415 5
1013 3352 1077 3415 adn
1103 3347 1136 3429 1)
1162 3348 1384 3430 profecerunt.

321 3457 417 3524 06116
451 3456 477 3522 si
503 3457 575 3537 quis
598 3457 703 3538 finxit,
729 3477 799 3522 eum
825 3454 959 3522 finxisse
994 3463 1134 3537 oportet,
1160 3456 1213 3536 qui
1239 3454 1383 3536 Micioni,

211 3575 246 3630 ut
276 3566 459 3631 Sostratam
490 3565 632 3645 duceret,
662 3563 785 3646 primus
817 3570 976 3628 suaserat.
1024 3564 1190 3628 Demeae
1218 3574 1254 3627 ut
1282 3563 1384 3627 uerba

211 3672 269 3736 illa
298 3673 526 3752 attribuamus,
561 3671 657 3737 etiam
688 3671 754 3737 alia
788 3691 887 3737 causa
917 3689 1086 3736 monemur.
1141 3689 1215 3735 nam
1245 3669 1383 3734 interro·

212 3779 305 3860 gauti
342 3779 474 3844 Micioni
507 3774 595 3844 Illuc
625 3772 705 3844 estis
736 3779 892 3842 auctores
919 3769 1034 3841 aaut?
1066 3785 1099 3843 et
1125 3777 1320 3842 Aeschinum
1350 3782 1383 3840 et

212 3888 364 3952 Demeam
401 3888 600 3968 respondere
637 3894 891 3952 consentaneum
926 3891 986 3950 est.
1034 3885 1118 3965 quod
1152 3894 1189 3950 nt
1221 3885 1290 3964 fiat,
1324 3883 1384 3948 hac

212 3995 401 4060 coniectura
425 3995 620 4074 perficimus:

320 4102 448 4174 Aesch:
477 4104 562 4192 Fue,
593 4143 643 4155 —
673 4103 781 4174 Deru:
810 4101 961 4172 Promisi·
989 4124 1047 4190 epo
1074 4101 1154 4176 illis.

209 4237 290 4302 haec
312 4238 412 4300 uerba
437 4245 473 4300 ut
497 4256 516 4301 a
540 4235 687 4300 librariis
706 4235 864 4301 Aeschino
889 4234 1152 4300 attribuerentur
1168 4234 1286 4315 omnia,
1311 4254 1382 4299 6111

209 4344 249 4408 ob
282 4363 348 4408 rem
384 4343 506 4407 lactum
542 4363 612 4407 esse
646 4342 799 4423 arbitror,
833 4341 918 4424 quod
959 4336 1001 4404 dc
1038 4342 1068 4405 lc
1104 4335 1248 4423 largitor
1278 4356 1380 4424 11161,

208 4441 250 4506 ad
275 4443 427 4506 Demeam
453 4459 562 4508 senem
587 4448 737 4522 spectare
762 4460 822 4506 non
845 4461 942 4522 posse
967 4441 1138 4520 putabant.

1204 4561 1235 4612 ,11
