3568 5294
896 566 1114 633 ,48-

428 761 511 834 Sine
548 770 666 835 nostro
714 785 800 835 curo
841 766 997 836 munima
1040 789 1106 837 suu
1148 790 1232 838 roro
1274 770 1365 839 solos
1394 767 1485 858 fecit.

429 880 509 945 haec
526 877 622 944 lectio
647 883 697 944 est
722 877 843 944 codicis
869 881 912 962 Α;
938 887 1101 946 corrector
1125 887 1232 948 autern
1259 882 1423 948 recentior
1447 883 1600 949 uocabuli

420 983 504 1048 solus
541 989 574 1050 et
619 1002 644 1049 ee
668 990 700 1051 et
719 985 872 1051 alitteris
887 987 1029 1053 induetis
1044 982 1116 1052 solu
1141 989 1294 1069 correxit,
1328 990 1526 1056 anctoritate
1564 991 1598 1055 ni

423 1093 522 1159 fallor
546 1092 770 1174 Galliopianae
794 1094 991 1160 recensionis
1007 1102 1184 1162 commotus
1201 1092 1249 1177 (ei
1261 1097 1487 1178 Umpfenhach
1503 1100 1602 1180 praef

423 1205 552 1291 le.).
587 1208 683 1274 hunius
716 1207 800 1274 enim
835 1209 961 1275 codices
995 1230 1104 1276 omnes
1137 1214 1296 1293 praebent
1319 1213 1490 1290 lectionem
1516 1208 1599 1278 hoec

423 1311 504 1386 solu.
553 1321 725 1396 utramque
759 1317 929 1383 lectionem
954 1317 1018 1383 iam
1044 1318 1136 1384 nouit
1162 1320 1320 1403 DonatuS,
1344 1320 1400 1386 sed
1424 1315 1479 1386 ho‘e
1506 1314 1599 1386 solos

421 1424 512 1506 legit,
546 1442 609 1490 uon
642 1416 743 1488 solus,
793 1424 1017 1507 Eugraphium
1059 1432 1178 1507 autern,
1213 1446 1283 1492 curn
1317 1429 1472 1511 explanet
1503 1445 1599 1494 nune

421 1534 494 1605 solo
530 1533 613 1605 hoec
640 1555 731 1604 unns
759 1539 882 1606 ennete
911 1535 1093 1625 compleuit
1121 1543 1225 1624 ipsum
1256 1537 1339 1609 hoec
1366 1538 1438 1608 solu
1475 1545 1598 1627 legisse

422 1651 612 1740 appareti),
636 1657 694 1723 sed
710 1656 922 1739 Sophronam,
939 1657 1067 1724 etiamsi
1083 1679 1103 1725 u
1119 1657 1183 1726 752
1200 1660 1281 1727 dicit
1308 1661 1347 1726 ut
1374 1651 1476 1745 potui
1508 1679 1597 1746 nup-

422 1764 495 1829 tum
523 1757 698 1848 herponem
726 1757 838 1830 locuni
865 1758 947 1831 hnic
969 1759 1194 1849 adulescenti,
1212 1767 1394 1848 significari
1410 1789 1474 1835 non
1490 1788 1596 1852 posse,

423 1892 494 1939 cum
549 1873 608 1938 illa
661 1872 834 1938 maximam
891 1893 1001 1939 curam
1053 1893 1114 1939 non
1162 1874 1378 1958 impenderit,
1425 1896 1482 1942 suo
1526 1877 1599 1942 iure

424 1981 587 2046 Dziatzko
612 1980 755 2060 (Phorm.
782 1980 832 2046 ed.
857 1981 994 2063 append.
1019 1981 1092 2048 crit.
1116 2003 1136 2064 p
1162 1980 1239 2062 135)
1264 1983 1448 2065 contendit;
1475 1984 1531 2049 sed
1556 2004 1598 2049 ne

425 2088 569 2170 Antipho
588 2088 727 2171 quidem,
761 2108 854 2170 quern
879 2087 1061 2170 significari
1095 2089 1146 2155 uir
1171 2089 1226 2155 ille
1251 2090 1458 2156 doctissimus
1491 2098 1598 2174 putat,

424 2217 494 2263 mea
526 2196 655 2277 qrrirlem
687 2196 852 2262 sententia
888 2196 1037 2277 intellegi
1067 2204 1189 2280 potest,
1223 2217 1294 2264 oum
1329 2218 1369 2264 ue
1407 2199 1433 2264 is
1467 2199 1597 2279 quidem

424 2325 578 2373 summam
611 2324 741 2387 operam
776 2305 846 2386 ipse
876 2305 1120 2387 consumpserit.
1168 2305 1240 2385 quis
1264 2311 1371 2370 autem
1398 2325 1434 2371 re
1459 2325 1536 2372 uera
1561 2315 1599 2372 ut

424 2413 558 2495 nuptiae
578 2413 706 2493 fierent,
722 2432 845 2477 summa
861 2412 892 2476 ui
911 2412 1115 2478 contenderit
1140 2445 1179 2453 ·-
1207 2411 1433 2477 Phormionem
1450 2422 1528 2495 puto
1545 2450 1599 2496 -,

425 2519 577 2586 Chremes
600 2519 740 2585 nondum
766 2519 902 2603 arrdiuit,
928 2519 985 2584 sed
1009 2519 1167 2600 quomodo
1194 2539 1246 2584 res
1273 2519 1362 2585 facta
1386 2520 1441 2601 sit,
1466 2521 1597 2586 omnino

425 2630 567 2712 ignorat.
614 2651 719 2712 ireque
744 2631 944 2696 Chremetem
964 2627 1080 2710 ipsum,
1106 2628 1133 2693 si
1159 2631 1259 2696 uerba
1283 2627 1352 2692 eius
1376 2621 1413 2690 (li
1440 2628 1599 2692 orreorum

423 2741 537 2830 fidem,
568 2763 672 2831 quom
705 2762 806 2829 serpo
831 2739 919 2827 forte
957 2745 1081 2809 terrore
1109 2761 1138 2828 q.
1170 2761 1195 2809 a.
1233 2745 1420 2810 accuratius
1454 2745 1600 2809 eorrsirle·

425 2855 618 2938 nocerinus
657 2874 714 2935 per
755 2853 912 2918 hominem
949 2852 1069 2917 factum
1103 2871 1174 2917 esse
1211 2861 1330 2933 putare
1363 2851 1600 2931 intellegemus,

427 2962 484 3028 sed
508 2982 566 3045 per
590 2963 822 3043 Fortunam,
847 2956 950 3041 τύχην,
976 2977 1058 3038 quae
1082 2960 1196 3039 quanti
1215 2960 1300 3040 apud
1321 2966 1435 3039 poetas
1460 2959 1600 3022 comicos

426 3078 460 3136 et
484 3070 629 3136 Graecos
653 3074 686 3134 et
709 3069 874 3134 Romanos
899 3066 1007 3146 fuerit,
1032 3086 1073 3130 ex
1098 3067 1235 3131 heremi
1258 3066 1366 3132 Pseurl
1395 3065 1494 3146 praef
1521 3084 1539 3145 p
1556 3062 1602 3130 20

425 3177 524 3243 facile
567 3176 792 3257 cognoscitur,
842 3174 1010 3255 superiore
1057 3173 1197 3253 quadam
1245 3184 1342 3254 atque
1390 3178 1426 3238 ut
1471 3172 1519 3236 ita
1552 3171 1600 3236 di-

427 3303 495 3349 cam
533 3281 645 3349 diuina
681 3288 810 3347 natura.
857 3280 964 3346 omnia
997 3279 1168 3345 confestim
1199 3279 1230 3344 in
1274 3286 1389 3360 aperto
1425 3286 1531 3358 erunt,
1572 3278 1600 3342 si

426 3393 618 3458 scribemus:

537 3501 688 3589 Quocum
717 3498 869 3570 molchom
897 3505 928 3570 et
955 3506 994 3569 nt
1021 3499 1172 3569 nolebam
1208 3498 1401 3568 collocutum
1430 3492 1600 3572 umore**)

427 3637 499 3683 nam
525 3636 583 3682 am
596 3635 639 3680 or
663 3634 699 3681 re
723 3633 813 3692 uera,
836 3613 919 3694 quod
935 3631 1028 3677 senes
1046 3611 1183 3677 maximo
1200 3630 1295 3692 opere
1311 3618 1345 3675 ut
1361 3611 1454 3676 fieret
1470 3629 1600 3691 operam

427 3735 597 3815 dederant,
630 3731 716 3796 solus
751 3729 848 3810 fecit3
882 3729 957 3794 ofu
991 3727 1055 3794 756
1091 3723 1253 3811 qnorrtorlo
1308 3720 1397 3790 hunc
1445 3741 1602 3788 uincens

426 3826 548 3896 holere
570 3828 693 3914 posset.
726 3828 819 3894 huius
836 3827 984 3893 lectionis
1000 3826 1174 3907 uestigium
1187 3827 1273 3890 solus
1285 3825 1387 3890 codex
1402 3832 1427 3890 A
1443 3822 1600 3893 seruauit.

535 4034 561 4100 l)
581 4032 761 4104 Eugrnphius
781 4031 853 4099 quod
871 4034 955 4084 antea
975 4029 1093 4082 codicem
1115 4030 1147 4096 A,
1167 4045 1241 4082 nuuc
1255 4026 1441 4081 recensionem
1456 4024 1601 4092 (lalliopin-

427 4143 490 4180 nam
511 4125 646 4193 sequitur,
665 4139 719 4178 nou
739 4126 783 4176 est
803 4121 874 4189 quon
894 4118 1042 4184 miremur;
1069 4118 1098 4171 oi
1115 4118 1305 4186 Umplenhaoh
1326 4117 1358 4170 etl
1378 4114 1488 4183 praeip
1505 4114 1601 4168 XLIV.

534 4213 579 4281 *ll
598 4213 731 4268 Libenter
745 4209 901 4279 scripserim
914 4207 1011 4262 Amori
1018 4228 1028 4274 ‚-
1046 4207 1093 4260 secl
1108 4207 1233 4261 datiuum
1249 4207 1385 4261 Graecum
1405 4220 1484 4270 qrrem
1499 4209 1603 4273 uocant

428 4303 544 4358 Terenti
563 4307 657 4357 aetate
675 4303 726 4357 hoc
745 4302 823 4354 modo
841 4299 963 4352 nondum
982 4301 1147 4364 usurpatum
1169 4313 1227 4350 esse
1247 4313 1263 4351 n
1285 4295 1435 4359 Tillmanm
1454 4293 1487 4346 cle
1507 4283 1603 4362 datipo

427 4394 533 4450 Graeco
553 4391 592 4460 (iu
611 4390 691 4446 Actis
711 4387 851 4444 seminarii
871 4385 1053 4456 Elrlangensis
1073 4386 1105 4440 ab
1126 4386 1176 4439 Ed.
1197 4384 1338 4440 Woelfflin
1358 4381 1452 4447 editis)
1474 4379 1602 4450 cognoui.
