3568 5294
678 614 897 680 „13-

194 820 230 882 ut
253 832 381 895 semper
407 811 487 890 fere,
507 810 554 877 sic
578 811 675 876 etiarn
700 812 733 877 in
759 813 819 877 bac
841 832 876 876 re
899 831 960 877 non
988 831 1085 877 unam
1109 812 1168 877 sed
1192 810 1372 894 complures

194 919 287 986 simui
313 918 415 985 sitisse
440 937 555 985 causas
572 917 728 999 arbitror,
751 917 935 1000 intorques
960 920 1040 984 baec
1054 918 1211 1001 imprimis
1228 917 1372 984 ualuisse

194 1027 336 1108 uidetur,
361 1025 446 1106 quod
471 1043 699 1105 nonnunquam
725 1024 932 1107 factumest,
966 1033 1000 1090 ut
1035 1029 1107 1106 quis
1130 1025 1247 1092 fuisset
1277 1031 1372 1108 pater

194 1131 365 1215 explanari
386 1151 450 1197 non
471 1131 533 1196 iarn
559 1140 676 1213 posset.
708 1151 746 1197 ac
770 1133 798 1197 si
823 1153 878 1198 eas
903 1152 1066 1214 resonae
1090 1133 1171 1214 ipsis
1195 1133 1371 1200 comoediis

193 1239 425 1306 describuntur
454 1235 501 1321 [cf
519 1259 547 1304 6.
570 1260 618 1322 gr.
644 1241 730 1305 Truc
752 1237 816 1307 800
842 1260 872 1322 q.
895 1236 945 1322 s),
978 1239 1306 1322 considerauerimus‚
1335 1261 1372 1306 eo

193 1347 323 1413 facilius
347 1347 407 1412 boc
430 1347 477 1412 ita
501 1365 536 1411 se
561 1347 680 1413 babere
696 1347 892 1429 putabimus.
942 1349 973 1414 in
991 1347 1130 1414 Etruria
1145 1367 1241 1429 porro
1258 1347 1371 1429 qurales

195 1453 317 1520 fuerint·
341 1454 503 1520 homiuum
529 1472 645 1536 mores,
669 1454 790 1536 optime
816 1473 1012 1534 cognoscere
1038 1457 1116 1523 licet
1140 1475 1181 1522 ex
1197 1455 1267 1521 bisc
1288 1453 1371 1521 obaz

192 1559 245 1624 ubi
267 1563 303 1623 tn
325 1560 421 1625 locere
442 1562 476 1625 in
499 1559 688 1624 laeculentum
709 1560 877 1641 pumilione,
907 1561 990 1625 acardo
1019 1559 1075 1624 tibi
1106 1561 1224 1624 talento
1255 1579 1372 1642 nropno

192 1669 422 1750 nipinto'pntcr
445 1667 614 1731 6761176116.Ι
645 1687 708 1730 non
738 1668 820 1732 enirn
843 1667 901 1742 bic,
934 1667 987 1731 nbi
1018 1689 1063 1732 ex
1098 1668 1228 1732 Tusco
1259 1667 1371 1730 niodo

193 1779 257 1839 tute
285 1773 341 1839 tibi
370 1771 497 1857 rudique
529 1774 656 1838 dotem
690 1794 870 1854 praeeras
905 1794 1082 1854 corpore.
1108 1810 1147 1818 —
1174 1773 1283 1838 Pbun:
1316 1773 1371 1837 An

192 1880 310 1956 ornabo,
339 1882 487 1945 nrcrcirt'n
510 1881 604 1954 illast,
629 1902 707 1962 punc
728 1881 816 1944 illanc
839 1881 991 1944 recendit?
1034 1883 1077 1948 ud
1103 1888 1241 1948 matrum
1267 1881 1370 1963 igitur

193 1990 242 2055 ins
263 1989 347 2070 quod
372 1999 490 2055 uocant
513 1988 715 2069 refugiamus
746 2008 877 2054 necesse
903 1995 1049 2070 nonest,
1083 1988 1141 2054 sed
1175 1989 1215 2055 de
1244 1990 1304 2054 bac
1335 2010 1370 2055 re

192 2103 306 2178 postea
340 2116 445 2179 pauca
479 2095 607 2161 addam.
674 2102 845 2177 praeterea
876 2097 935 2160 boc
968 2101 1018 2162 est
1053 2096 1274 2162 adnotandum
1305 2096 1371 2161 illis

192 2203 460 2285 inscriptionibus
490 2206 606 2282 picotus
629 2203 681 2268 uel
705 2205 799 2265 troius
831 2221 895 2268 non
920 2221 990 2268 esse
1014 2204 1267 2284 substantinum,
1301 2204 1370 2285 sed,

192 2329 262 2375 curn
289 2308 331 2375 14
347 2310 395 2374 ies
410 2310 577 2376 ablatiuus
602 2329 695 2375 casus
721 2308 859 2375 nominis
876 2309 991 2375 matris
1018 2315 1137 2392 exstet,
1161 2296 1368 2392 participium

194 2437 214 2481 a
239 2416 396 2483 nascendi
420 2419 519 2483 uerbo
545 2417 738 2482 deriuatum.

300 2543 352 2608 Ex
376 2543 437 2608 bac
460 2554 567 2608 autem
587 2548 657 2608 tota
679 2544 869 2625 quaestione
894 2544 927 2609 id
953 2545 1037 2610 unde
1062 2544 1127 2609 orti
1150 2565 1258 2610 sumus
1275 2543 1370 2627 piane

191 2651 361 2733 apparuit:
408 2670 588 2717 sermonem
622 2652 782 2733 plebeium
808 2653 842 2715 et
884 2653 1131 2733 pedestrem
1172 2652 1366 2735 praetulisse

192 2760 382 2826 uocabulum
408 2760 502 2841 fili,
526 2763 709 2841 grauiorem
733 2779 809 2825 uero
835 2767 867 2824 61
891 2767 927 2825 ut.
952 2760 1000 2825 ita
1024 2760 1128 2825 dicam
1147 2780 1224 2825 uere
1247 2759 1370 2841 poeti-

192 2886 275 2932 cum
301 2867 492 2932 uocabulum
516 2867 651 2948 gnati.

300 3013 437 3076 Praeter
461 3012 522 3076 boo
545 3011 643 3076 etiarn
679 3011 767 3077 aliud
793 3011 880 3077 inter
905 3011 1065 3092 uocabula
1097 3011 1137 3075 de
1161 3009 1277 3091 quibus
1301 3009 1369 3092 agi·

192 3137 262 3182 mus
286 3117 460 3182 discrimen
486 3125 546 3198 est,
581 3118 663 3200 quod
698 3118 761 3183 iam
791 3119 886 3183 initio
911 3117 1250 3184 commemorauimus:
1282 3117 1370 3196 {idirco

193 3224 342 3289 uocatiue
378 3225 498 3290 clintum
532 3225 617 3307 apud
651 3231 766 3306 poetas
791 3225 959 3291 scaenicos
998 3246 1060 3291 non
1097 3224 1274 3305 inuenitur,
1311 3224 1370 3290 sed

193 3332 309 3413 ubique
331 3335 424 3411 ponte
448 3333 498 3396 ruel
521 3336 614 3411 prante
638 3332 681 3393 nn'
706 3332 755 3396 uel
779 3332 824 3393 nrt
844 3335 938 3410 ponte
967 3332 1152 3413 appellatur
1183 3331 1269 3396 fitius
1294 3337 1326 3396 et
1350 3351 1369 3396 a

193 3447 340 3519 patre:
365 3438 443 3504 Asin
468 3436 544 3518 829,
574 3436 648 3517 830,
681 3437 757 3519 836,
791 3437 867 3521 882,
902 3440 986 3520 Cupt
1020 3436 1116 3518 1006,
1154 3435 1249 3518 1021,
1282 3439 1370 3503 Mero

194 3543 267 3624 367,
302 3543 484 3626 71111281,
517 3543 593 3622 353,
618 3543 815 3623 3621180.
873 3546 962 3609 Haut
986 3543 1062 3626 813,
1088 3543 1183 3623 1060,
1211 3546 1279 3609 Hoc
1303 3543 1368 3609 456

193 3663 226 3717 61
263 3673 283 3717 a
321 3661 476 3718 matre:
500 3654 559 3718 ,uui
586 3652 661 3719 694.
709 3655 800 3717 Haut
827 3652 922 3734 1028,
954 3651 1051 3734 1065,
1093 3654 1159 3718 Hec
1183 3651 1258 3734 352,
1294 3650 1370 3732 577,

193 3758 269 3842 605,
288 3759 362 3826 606.
388 3762 468 3825 -in
498 3761 696 3842 tragicorum
722 3771 889 3843 poetarum
911 3760 1118 3842 fragmentis
1142 3765 1247 3824 utrum
1273 3765 1369 3841 pater

194 3886 234 3932 an
283 3876 389 3933 mator
428 3868 598 3948 loquatur,
637 3874 772 3948 propter
810 3867 1025 3947 exiguitatem
1066 3875 1100 3932 et
1136 3865 1368 3931 obscuritatem

192 3975 555 4055 fragmentorumsatis
580 3974 720 4038 dilucide
745 3974 886 4039 discerni
911 3993 971 4038 uon
998 3981 1115 4056 potest.

300 4101 389 4180 Trag
414 4119 433 4179 p
459 4097 478 4163 6
502 4100 594 4164 Naeu
620 4098 649 4179 1,
682 4097 963 4181 6518111247,
992 4097 1072 4180 p8b
1094 4099 1161 4162 Pac
1178 4094 1231 4177 67,
1265 4094 1368 4178 prta

194 4209 260 4271 Pac
279 4205 354 4286 283,
380 4227 398 4288 p
431 4205 490 4270 131
516 4207 582 4277 Pac
612 4205 693 4290 4003
732 4207 772 4271 ad
798 4207 882 4272 locos
906 4206 986 4271 cirros
1010 4215 1170 4287 postremo
1194 4204 1313 4269 citatos
1337 4203 1370 4267 ci

194 4314 399 4396 Ribbeck,
424 4316 503 4378 Rom
529 4315 619 4395 'drag
644 4312 744 4395 p308
763 4312 886 4378 61323.
