3568 5294
898 591 1111 658 -40..

414 797 574 856 commota
598 790 737 871 puellam
762 791 935 856 sustulit
959 796 993 855 et
1016 788 1179 855 educauit.
1227 789 1379 856 Sostrata
1397 809 1473 855 uero
1489 788 1587 854 filiam

414 906 593 989 proiectam
619 924 689 971 esse
713 907 852 987 putabat
876 901 923 986 (cf
945 925 965 972 u
989 903 1052 971 661
1093 898 1184 970 Chr:
1234 899 1327 987 Quid
1370 897 1590 969 renunttono't
1692 919 1697 926 ’

283 1061 288 1068 ·
414 1015 524 1087 olion?
550 1015 617 1088 So:
646 1015 785 1087 Fecisse
812 1015 850 1086 id
878 1018 968 1106 quod
993 1015 1181 1104 iussorum)
1192 1041 1206 1102 ;
1220 1029 1385 1087 seruatam
1404 1041 1473 1087 esse
1488 1021 1587 1087 liliam

417 1131 488 1213 ipsa
511 1129 688 1212 ignorauit.
724 1130 847 1210 itaque,
871 1129 954 1210 quod
979 1129 1133 1194 Chremes
1159 1135 1248 1194 recte
1272 1129 1362 1210 dicit,
1387 1149 1475 1209 spem
1500 1129 1589 1194 uitae

416 1237 517 1319 dedit,
547 1237 603 1302 sed
634 1237 738 1318 ipsam
774 1237 946 1302 sustulisse
978 1235 1043 1300 dici
1073 1236 1201 1302 omnino
1232 1255 1292 1300 non
1327 1241 1446 1317 potest.
1495 1255 1588 1317 quarn

416 1354 457 1418 ob
487 1373 552 1418 rom
577 1346 627 1418 sic
646 1345 844 1433 estfactum
868 1353 1038 1417 Sostratae
1067 1351 1308 1417 attribuendum
1328 1371 1388 1417 non
1408 1371 1476 1418 esse
1493 1352 1589 1418 facile

418 1469 609 1551 apparebit,
649 1468 705 1534 sed
730 1468 881 1534 Chremes
905 1462 974 1533 scio
993 1462 1077 1552 quid
1097 1463 1232 1551 feceris
1263 1462 1433 1533 sustulisti
1444 1475 1477 1533 et
1489 1470 1589 1551 Syrus

418 1606 473 1651 ero
504 1604 656 1652 assensus
684 1578 734 1648 sic
753 1578 950 1668 estfactum
975 1585 1083 1650 dicere
1100 1592 1253 1666 poterant
1278 1586 1460 1652 Sostratam
1486 1586 1587 1668 ipsam

417 1695 516 1761 filiam
542 1693 714 1760 sustulisse
739 1701 772 1758 et
797 1693 878 1758 olam
904 1693 1105 1758 erlrrcandam
1131 1712 1261 1759 curasse
1285 1693 1455 1774 suspicati.
1489 1695 1591 1775 Syro

417 1802 521 1883 igitur
544 1801 603 1867 illa
627 1802 729 1867 uerba
752 1800 970 1866 attribuamus
994 1819 1126 1866 necesse
1143 1808 1203 1866 est.

526 1911 575 1974 De
599 1907 717 1974 ceteris
735 1908 809 1990 Syri
827 1907 937 1972 uerbis
954 1907 1095 1973 editores
1120 1908 1203 1974 falso
1215 1907 1456 1991 iudicauerunt,
1476 1909 1591 1992 quippe

418 2017 484 2099 qni,
518 2036 597 2083 uera
628 2015 765 2080 tollendi
796 2014 846 2079 nis
877 2032 960 2094 quae
983 2020 1079 2096 esset,
1103 2034 1167 2081 non
1192 2015 1434 2096 intellegerent.
1482 2023 1589 2082 exstat

421 2125 515 2206 enim,
541 2130 577 2190 nt
600 2123 664 2188 iarn
690 2120 833 2187 diximus
856 2120 890 2186 in
916 2121 1026 2187 codice
1050 2124 1098 2187 A:

525 2225 1390 2350 nonrnnunoonnvsnnnuonvunnsnlsn)

419 2361 616 2434 litteramR
640 2366 769 2435 induxit
807 2372 972 2435 corrector
1006 2383 1139 2447 recenS,
1173 2363 1225 2431 cui
1257 2365 1488 2432 auctoritatem
1522 2387 1591 2432 esse

418 2465 538 2533 nullam
564 2467 790 2549 Umpfenbach
820 2463 903 2548 (edit
932 2465 1030 2547 praei
1057 2482 1078 2544 p
1105 2457 1181 2544 XI.)
1215 2464 1462 2530 demonstrauit.
1494 2465 1592 2531 ceteri

419 2601 545 2667 codices
574 2620 684 2667 omnes
713 2616 791 2683 erno
819 2602 978 2683 praebent
999 2599 1062 2667 nisi
1089 2567 1147 2682 dyo
1171 2600 1206 2666 C.

527 2717 696 2786 Bentleius
720 2737 798 2784 uero
822 2718 964 2784 codicunr
983 2719 1153 2784 lectionem
1178 2722 1375 2799 aspernatus
1400 2716 1500 2782 nimia
1524 2736 1591 2782 cum

420 2824 556 2892 licentia
588 2818 703 2889 minor
739 2840 817 2906 erpo
845 2840 926 2890 erus
960 2826 1109 2892 coniecit.
1153 2825 1229 2891 fieri
1267 2825 1352 2891 enim
1394 2845 1456 2890 non
1502 2845 1594 2907 posse

421 2933 561 3016 putauit,
586 2939 622 2999 ut
646 2933 799 2999 Sostrata
822 2934 1023 2999 Chremetem
1049 2935 1166 2999 damno
1197 2952 1267 2999 esse
1292 2915 1421 3000 auctum
1447 2939 1593 3015 negaret.

422 3061 526 3124 neque
550 3042 582 3106 id
606 3042 705 3107 filiam
731 3061 765 3108 se
789 3061 852 3107 non
876 3042 1046 3107 sustulisse
1071 3043 1269 3108 contendere
1293 3062 1363 3108 eam
1393 3061 1495 3124 posse.
1535 3041 1594 3106 hoc

423 3150 540 3216 falsum
575 3169 665 3232 esse,
699 3151 882 3216 Sostratam
916 3169 952 3215 re
985 3168 1063 3215 ruera
1098 3169 1160 3215 non
1195 3149 1368 3215 sustulisse
1401 3149 1465 3214 iam
1495 3168 1594 3229 supra

422 3257 571 3323 uidimus.
612 3256 729 3322 damno
754 3276 828 3323 uero
853 3276 940 3323 erum
973 3262 1103 3323 auctum
1136 3277 1217 3340 esse,
1247 3263 1284 3322 ut
1307 3256 1477 3322 Bentleius
1507 3261 1595 3322 recte

422 3364 587 3446 cognouit,
611 3365 764 3430 Sostrata
787 3383 909 3446 negare
942 3383 1004 3430 non
1028 3364 1157 3448 potuit3
1182 3365 1237 3431 sed
1269 3383 1339 3429 mea
1369 3363 1498 3445 quidem
1525 3383 1595 3428 sen·

423 3471 528 3536 tentia
553 3471 612 3536 hoc
636 3471 764 3536 omnino
787 3491 848 3537 non
873 3477 985 3553 negat.
1018 3492 1090 3538 narn
1116 3473 1218 3555 Syrus
1242 3491 1373 3537 auersu
1398 3468 1461 3536 625
1485 3469 1595 3537 uerbis

422 3577 602 3645 summissis
633 3597 741 3645 secum
774 3578 936 3660 loquitur,
970 3580 1136 3661 ceterique
1167 3579 1243 3661 quid
1277 3579 1366 3644 dicat
1394 3597 1455 3644 non
1481 3578 1596 3644 audire

422 3686 593 3769 uidentur;
628 3686 663 3752 cf
693 3706 713 3752 u
747 3685 823 3767 659,
856 3684 932 3753 663.
988 3687 1138 3753 Sostrata
1171 3686 1275 3768 igitur
1307 3707 1370 3753 non
1405 3686 1505 3769 Syro,
1538 3687 1597 3752 sed

423 3793 586 3860 Chremeti
610 3795 787 3876 respondet
810 3786 964 3873 minione,
997 3802 1033 3860 et
1066 3814 1102 3860 re
1132 3815 1210 3862 uera
1242 3815 1310 3861 eam
1336 3813 1398 3859 non
1423 3793 1597 3860 sustulisse

423 3902 541 3969 iterum
574 3909 675 3984 utque
713 3901 830 3967 iterum
863 3900 1108 3968 affirmanimus.
1166 3922 1260 3983 quam
1294 3905 1333 3968 oh
1368 3922 1434 3967 rem
1468 3902 1601 3966 Bentlei

425 4009 670 4076 criminationes
695 4009 801 4075 falsae
825 4018 918 4092 sunt3
955 4028 1060 4090 neque
1093 4011 1177 4092 quod
1202 4011 1286 4076 idern
1311 4010 1528 4090 Clitiphonem
1553 4008 1597 4073 si·

424 4117 574 4199 gnificari
586 4123 678 4183 ratus
691 4109 806 4180 minor
833 4132 911 4198 erpo
930 4131 1011 4180 erut
1026 4120 1233 4188 scribendum
1254 4137 1325 4183 esse
1342 4116 1491 4198 coniecit,
1508 4120 1601 4181 recto

422 4234 585 4299 iudicasse
595 4233 737 4298 uidetur.
762 4232 974 4297 nititurenim
987 4227 1170 4311 Engraphii
1182 4225 1411 4292 adnotatione:
1450 4216 1602 4287 ERGO

423 4341 604 4414 HERUS
631 4339 823 4413 DAMNO
851 4338 1065 4413 Arduus.
1102 4358 1190 4408 none
1212 4335 1365 4424 positam
1393 4331 1608 4404 AUCTUS

425 4457 630 4546 DAMNO,
666 4460 756 4548 pund
797 4459 828 4528 ei
863 4456 997 4529 coheres
1025 4454 1146 4545 puello
1182 4450 1328 4538 uenerit,
1367 4472 1471 4539 poam
1507 4449 1608 4524 dedit
