3568 5294
921 587 1137 658 ..42-

447 793 599 857 lemmate
622 792 662 856 ab
691 807 770 874 erpo
797 793 898 858 ordiri
927 812 1026 879 supra
1056 795 1203 862 rithmus.
1252 791 1508 882 quinctiniaco,
1536 800 1624 880 qnod

448 897 598 964 Sostrata
631 897 730 980 dicit,
764 899 826 964 sibi
860 901 978 982 uellet,
1012 900 1076 968 iam
1109 901 1413 972 demonstrauimus
1460 908 1545 986 quod
1582 907 1623 972 ad

448 1005 632 1088 Engraphii
664 1005 907 1073 adnotationem
940 1009 1098 1091 pertinet,
1126 1011 1199 1076 ideo
1238 1031 1320 1076 noue
1345 1012 1468 1076 nactos
1494 1009 1624 1078 domno

447 1111 587 1194 positum
612 1131 683 1178 esse
707 1113 890 1194 adnotant,
915 1115 998 1196 quod
1023 1117 1146 1182 nactas
1173 1111 1289 1182 liboris
1320 1121 1407 1184 Troe
1441 1118 1516 1202 384,
1545 1119 1622 1202 516,

446 1228 569 1293 ocolus
596 1220 717 1292 liberta
750 1231 830 1295 Pers
861 1230 926 1299 484
955 1234 1007 1298 uel
1037 1234 1104 1300 tale
1128 1235 1206 1315 quid
1230 1235 1295 1300 diei
1318 1237 1412 1317 solet,
1437 1237 1488 1301 hie
1511 1244 1620 1302 autern

446 1331 573 1400 domno
618 1334 741 1399 coactus
767 1350 824 1412 per
847 1331 951 1397 iocum
979 1331 1100 1398 dictum
1135 1341 1196 1415 est,
1233 1354 1295 1414 quo
1330 1334 1427 1400 filiam
1454 1335 1620 1401 inuentam

446 1440 579 1515 propter
604 1433 710 1498 dotem
737 1429 786 1512 (cf
808 1429 970 1496 Dniatzko
1000 1431 1042 1496 ad
1063 1432 1179 1496 Phorm
1207 1431 1459 1509 rathrannum
1486 1453 1556 1498 esse
1572 1435 1620 1500 nel

447 1540 535 1622 patri
562 1541 613 1605 nel
638 1539 816 1622 Clitiphoni
846 1537 1057 1618 significetur.
1105 1539 1320 1620 Clitiphonem
1351 1547 1386 1604 ut
1412 1541 1620 1623 hugraphius

447 1647 626 1728 significari
649 1652 791 1728 putaret,
817 1645 913 1711 facile
939 1646 1009 1711 fieri
1032 1647 1149 1728 potnit.
1197 1647 1390 1712 Terentium
1415 1667 1491 1713 nero
1512 1653 1619 1714 utrum

447 1754 596 1836 intellegi
620 1754 771 1836 uoluerit,
797 1772 958 1834 nunquam
983 1754 1151 1834 quisquam
1178 1754 1360 1820 diiudicare
1380 1755 1513 1836 poterit.

813 1968 844 2034 2.
870 1970 974 2034 Haut
1003 1966 1264 2036 toto-1066.

554 2077 705 2144 Chremes
727 2084 823 2160 pater
847 2075 1026 2158 Clitiphoni
1048 2077 1114 2142 filio
1138 2077 1244 2142 omnia
1268 2097 1351 2157 quae
1371 2077 1425 2143 ille
1442 2079 1539 2144 uellet
1555 2079 1621 2144 lac·

447 2193 554 2252 turum
577 2205 611 2250 se
635 2205 705 2250 esse
729 2183 884 2266 pollicito,
909 2191 945 2249 ut
968 2203 1101 2250 uxorein
1119 2185 1262 2265 duceret,
1280 2185 1460 2266 praecepit.
1478 2186 1621 2268 Clitipho

446 2311 522 2358 nero
554 2291 647 2373 quasi
681 2311 830 2373 magnum
864 2293 982 2358 malum
1015 2291 1252 2373 deprecaturus
1294 2292 1374 2357 nihil
1419 2292 1483 2358 nisi
1518 2293 1622 2376 paler

447 2399 638 2481 respondet3
668 2419 688 2464 a
717 2406 822 2464 matre
846 2400 972 2464 demum
997 2406 1030 2464 et
1054 2419 1073 2464 a
1098 2400 1283 2464 Menedemo
1307 2399 1468 2465 adductus
1487 2388 1621 2476 scaione

446 2507 554 2587 inquit
571 2505 685 2590 potor.
717 2513 783 2571 tum
809 2507 835 2570 si
861 2508 989 2572 codices
1019 2506 1239 2588 editionesque
1264 2508 1442 2588 sequimur,
1467 2507 1621 2573 Sostrata

448 2619 552 2679 mater
569 2613 672 2695 ‚onata
700 2608 749 2677 mi
778 2614 885 2694 inquit
913 2630 970 2695 epo
1001 2608 1062 2697 pol
1098 2607 1157 2678 tihi
1201 2607 1285 2678 daho
1321 2607 1419 2677 illam
1456 2607 1619 2698 lepidam,

447 2746 551 2814 quarn
579 2729 617 2794 ta
637 2722 745 2811 focile
774 2747 878 2813 omes,
905 2723 1017 2812 filiam
1045 2723 1283 2795 Phanocratae
1311 2724 1430 2793 nostrl.
1462 2751 1555 2811 qoam
1583 2743 1622 2797 ut

448 2837 546 2903 ducat
583 2837 655 2903 fieri
687 2837 816 2903 omnino
850 2857 912 2903 non
946 2857 1039 2918 posse
1073 2837 1213 2918 Clitipho
1247 2854 1316 2902 aon
1337 2853 1481 2920 possam
1503 2839 1619 2921 poter,

447 2946 601 3011 Chremes
624 2965 720 3026 porro
745 2938 833 3026 hein,
874 2945 912 3008 nt
949 2938 1085 3025 clepone
1123 2945 1181 3026 est,
1219 2940 1340 3010 crodos
1377 2939 1536 3008 scalmum
1573 2939 1622 3008 ihi

447 3068 528 3116 csse.
559 3053 710 3121 Sostrata
748 3047 855 3116 ollam
883 3045 967 3116 doto
983 3051 1091 3116 dicere
1108 3052 1227 3133 pergit.
1243 3054 1299 3118 sed
1318 3052 1473 3134 Clitipho,
1490 3052 1622 3133 quando

447 3161 574 3240 quidem
607 3181 688 3228 uxor
711 3162 755 3228 sit
778 3160 935 3240 ducenda,
964 3159 1144 3225 Archonidi
1168 3159 1269 3226 filiam
1293 3181 1327 3226 se
1352 3161 1523 3225 ducturum
1548 3179 1621 3225 esse

447 3269 637 3348 parentibus
662 3267 947 3350 comprobantibus
970 3266 1128 3332 declarat.

553 3376 670 3441 hlirum
698 3377 847 3441 hocloco
873 3373 952 3442 mihi
981 3373 1123 3438 uidetur:

554 3481 703 3574 primam,
727 3493 810 3574 quod
834 3513 862 3556 m
880 3500 979 3557 ater
1007 3492 1072 3557 filio
1096 3511 1226 3556 uxorem
1257 3512 1292 3556 se
1317 3492 1397 3556 dare
1422 3490 1523 3572 dicit3
1546 3510 1623 3556 narn

448 3601 565 3664 ceteris
590 3600 747 3665 eiusmodi
773 3600 852 3664 locis
874 3608 1029 3680 patres
1057 3618 1185 3680 semper
1214 3618 1345 3664 uxorem
1377 3598 1443 3663 filio
1468 3599 1561 3678 dant;
1590 3598 1626 3662 cl

448 3687 1628 3788 nmmmmfflfflmffimffimffl

448 3813 543 3880 1027.
570 3823 685 3880 contra
710 3817 793 3879 hanc
817 3815 1012 3879 sententiam
1031 3814 1101 3879 Hec
1117 3811 1182 3878 240
1206 3833 1236 3894 q.
1262 3833 1287 3877 s.
1313 3812 1431 3878 afferre
1447 3831 1510 3876 non
1527 3812 1626 3878 licet:

448 3941 521 3986 nani
548 3923 692 3987 hocloco
712 3923 837 3987 Laches
853 3921 903 3986 ira
919 3921 1077 4002 impulsus
1092 3919 1212 3985 iniuste
1227 3939 1358 3985 uxorem
1377 3919 1543 3999 obiurgat3
1561 3921 1628 3984 sed

447 4027 553 4106 qualis
578 4047 630 4093 res
655 4029 766 4107 fuerit,
800 4031 1046 4093 aParmenone
1081 4027 1114 4091 in
1146 4027 1255 4091 neutri
1292 4026 1435 4092 fauorem
1459 4025 1627 4092 inclinato

449 4135 604 4200 certiores
629 4136 710 4201 lacti
734 4155 844 4200 sumus
865 4136 936 4200 Hec
961 4133 1024 4199 116
1050 4153 1068 4214 q
1093 4153 1119 4215 s,
1144 4132 1217 4214 120,
1243 4132 1317 4198 123.

555 4251 681 4332 deinde,
706 4252 802 4333 quod,
826 4260 964 4316 mater
981 4270 1063 4331 quae
1088 4251 1226 4331 dixerat,
1252 4257 1449 4334 aspernatus
1474 4249 1628 4330 Clitipho

450 4365 530 4431 dicit
557 4383 628 4431 ooo
650 4383 794 4450 possam
817 4367 947 4450 poter.
979 4373 1083 4431 mater
1112 4366 1219 4447 potins
1244 4366 1440 4446 appellanda
1467 4371 1537 4430 erat
1563 4374 1633 4432 aut
