3568 5294
878 567 1096 636 -34..

405 769 466 832 hac
499 769 595 832 nocte
623 765 832 830 Alcumenam
858 763 1044 846 concepisse
1069 763 1288 829 demonstrari
1313 769 1422 844 potest
1446 764 1576 829 collatis

405 874 553 939 uersibus
571 875 656 938 Poen
684 869 1015 951 1260,1261‚1294;
1041 871 1115 936 Rud
1136 867 1232 948 1172,
1253 869 1347 948 1175,
1366 868 1462 950 1203,
1481 868 1576 947 1277,

404 995 508 1062 neque
543 998 640 1045 uersu
674 977 736 1044 131
767 981 863 1057 poter
894 997 977 1040 0000
1012 978 1096 1040 lutus
1126 996 1182 1038 suo
1214 977 1319 1039 00000
1350 995 1466 1038 morona
1498 977 1577 1055 peril

404 1089 523 1152 collato
548 1106 643 1153 uersu
669 1083 732 1152 981
757 1104 826 1148 cum
849 1084 907 1147 hoc
929 1085 1079 1146 00ον0010
1102 1103 1199 1146 umore
1221 1102 1305 1146 nanc
1323 1083 1400 1146 0070
1415 1085 1576 1163 moriano,

404 1214 466 1274 quo
490 1195 530 1260 de
553 1193 727 1260 concubitu
751 1193 806 1273 agi
831 1199 921 1257 certe
947 1210 1010 1257 non
1029 1197 1144 1273 potest.
1184 1192 1295 1273 itaque
1320 1193 1379 1256 hac
1395 1192 1466 1272 ipsa
1482 1198 1576 1255 nocte

406 1301 578 1366 Herculem
609 1300 735 1382 concipi
762 1298 982 1365 demonstrari
1007 1317 1070 1364 non
1096 1303 1212 1379 potest.
1237 1301 1321 1363 hanc
1346 1299 1481 1363 eandem
1506 1317 1576 1362 sen·

408 1407 543 1474 tentiam
569 1407 683 1472 attulit
706 1424 810 1486 neque
827 1413 935 1471 tamen
951 1406 1154 1487 argumentis
1171 1406 1314 1470 firmauit
1332 1405 1460 1470 Winter
1485 1400 1577 1481 (Alk-

406 1533 497 1580 mene
522 1514 586 1579 und
611 1515 840 1595 Amphitryon,
866 1513 938 1578 eine
962 1512 1145 1594 mythische
1171 1512 1390 1593 Abhandlung
1414 1513 1528 1591 Progr.
1546 1513 1576 1576 rl.

407 1620 971 1702 Maria-Magdalena·Gymnasiums
1005 1639 1044 1684 zu
1071 1621 1207 1684 Breslau
1240 1617 1325 1686 1870
1350 1639 1370 1700 p
1395 1617 1469 1696 abl:
1516 1611 1578 1680 Bel

406 1728 542 1790 Plautus
572 1727 645 1790 aber
674 1729 714 1791 ast
745 1728 795 1790 die
827 1726 981 1808 dreisuchc
1011 1725 1115 1790 Nachl
1145 1747 1205 1806 por
1238 1726 1321 1788 01001
1351 1726 1438 1788 haebr
1462 1725 1520 1805 oto,
1543 1727 1576 1788 a'o

404 1834 531 1900 melchon·
559 1834 711 1898 Herakles
740 1838 867 1915 poaeopt
894 1834 983 1907 000,
1016 1833 1151 1896 solodoro
1175 1833 1233 1906 die,
1259 1833 1308 1896 dle
1330 1835 1431 1896 seiher
1458 1831 1577 1895 Getam

404 1942 606 2006 0000101000
627 1942 822 2022 uoransh'ept.
871 1961 975 2023 neque
1001 1961 1088 2020 uero,
1110 1961 1179 2008 cum
1199 1943 1258 2007 hac
1276 1945 1371 2006 nocte
1389 1945 1575 2022 conceptum

405 2070 466 2115 non
502 2070 571 2115 esse
607 2050 951 2129 demonstrauerimuS‚
987 2056 1060 2130 post
1093 2051 1360 2130 Amphitruonem
1393 2047 1573 2129 profectum

406 2157 535 2222 omnino
553 2157 677 2238 concipi
695 2157 812 2239 potuit,
838 2156 884 2222 eis
900 2157 939 2220 de
955 2156 1072 2236 cancie,
1088 2176 1170 2236 quas
1187 2158 1335 2237 Langen,
1354 2155 1578 2221 Plautinisclre

406 2265 542 2330 Studien
569 2262 677 2344 (Berl.
703 2265 795 2330 smn.
822 2267 860 2344 V,
888 2261 919 2342 1)
955 2262 1041 2329 1887
1075 2284 1094 2344 p
1129 2262 1194 2329 235
1226 2263 1355 2342 attulit;
1381 2269 1468 2328 certe
1493 2262 1577 2327 enim

405 2372 554 2437 uersibus
587 2370 651 2437 686
672 2377 752 2452 q.'s.
786 2372 825 2436 de
860 2373 920 2436 hac
959 2391 994 2435 re
1028 2372 1222 2436 mentionem
1248 2371 1318 2435 fieri
1342 2373 1526 2452 oportebat,
1550 2370 1576 2434 si

406 2486 482 2560 post
498 2479 578 2544 illud
595 2485 720 2560 tempus
736 2479 885 2560 Iuppiter
901 2479 932 2543 in
950 2478 1197 2560 Amphitruonis
1214 2479 1330 2543 faciem
1347 2497 1521 2543 conuersus
1538 2479 1581 2542 ad

407 2587 618 2652 Alcumenam
642 2587 796 2653 uenisset.
827 2586 917 2666 atqui
936 2586 1091 2668 Iphiclem
1105 2594 1181 2651 ante
1199 2586 1372 2652 Herculem
1390 2592 1578 2666 conceptum

406 2713 478 2758 esse.
502 2693 706 2775 intellegitur
730 2713 770 2759 ex
792 2713 813 2758 u
837 2692 901 2760 484
921 2712 1031 2755 aarum
1056 2693 1171 2756 minori
1181 2711 1281 2771 puero
1305 2693 1407 2754 00100
1422 2697 1465 2754 ost
1479 2697 1581 2774 poter,

408 2819 541 2881 quocum
579 2802 661 2865 bene
699 2801 897 2866 conueniunt
933 2821 961 2865 u.
987 2799 1062 2880 500,
1097 2798 1180 2883 670;
1206 2819 1284 2881 ergo
1309 2801 1480 2865 Herculem
1506 2807 1581 2880 post

405 2909 576 2990 Iphiclem,
607 2909 664 2974 sed
693 2915 770 2974 ante
793 2909 974 2990 profectum
1000 2909 1268 2990 Amphitruonem
1295 2914 1484 2988 conceptum
1509 2926 1581 2973 esse

406 3021 553 3096 apparet.
600 3036 673 3081 nam
706 3016 789 3096 quod
820 3015 984 3082 Steinhoff
1005 3012 1255 3096 (Prolegomena
1280 3035 1318 3080 au
1345 3015 1482 3080 Plautus
1507 3019 1581 3080 Am-

406 3123 537 3203 phitruo
559 3123 586 3204 I,
611 3124 801 3188 Jahresber.
825 3122 980 3205 Gymnas
1007 3124 1240 3203 blankenburg
1266 3119 1423 3201 1871172)
1448 3123 1582 3187 ‹lissei-it

406 3247 425 3309 p
449 3227 506 3294 29:
554 3227 687 3291 Dorcas
710 3225 767 3310 (sc
793 3249 822 3294 u.
849 3228 914 3296 479
938 3250 967 3309 q.
993 3225 1020 3309 s)
1042 3227 1129 3309 solat,
1155 3228 1227 3290 cluss
1249 3227 1438 3306 Amphitruo
1461 3228 1582 3290 00000-

404 3338 487 3396 steros
515 3335 615 3398 sr'cbeu
647 3334 779 3398 Monate
810 3335 885 3416 lorrp
912 3355 969 3398 000
1003 3335 1122 3398 Theben
1148 3333 1309 3398 obweseud
1339 3337 1388 3408 ist,
1417 3335 1484 3398 000
1505 3335 1583 3397 cluss

407 3440 489 3503 Zeus
510 3441 711 3505 0000001600
733 3442 812 3505 uach
837 3442 892 3506 der
914 3441 1042 3506 Abrcise
1066 3442 1119 3505 des
1144 3440 1292 3505 Gemohls
1319 3442 1370 3522 (r'n
1394 3442 1498 3505 dassen
1519 3441 1582 3504 Ge-

405 3547 479 3610 01011
492 3547 664 3622 0010011010)
678 3549 915 3612 0000410000οα
927 3549 1104 3629 acherontea
1117 3551 1157 3612 ist
1179 3542 1415 3632 ὄφραἭρακλεά
1430 3547 1582 3632 φυτεύσαι,

407 3675 540 3736 prorsus
574 3676 660 3723 crana
694 3665 744 3722 est
772 3657 991 3723 ratiocinatio.
1021 3658 1140 3722 bellum
1172 3677 1241 3722 cum
1272 3658 1422 3722 ’1101010010Ι
1452 3665 1581 3737 gestum

407 3762 596 3828 diuturnum
627 3783 688 3828 non
719 3763 821 3830 fuisse
850 3763 1044 3846 Amphitruo
1072 3765 1140 3844 ipse
1170 3763 1264 3829 testis
1298 3769 1349 3828 est
1382 3782 1412 3827 u.
1442 3761 1505 3830 657
1530 3784 1586 3827 eos

404 3869 542 3947 auspicio
568 3889 633 3932 mco
661 3873 753 3951 atquc
780 3870 875 3933 0000
901 3872 1003 3950 prium
1035 3875 1119 3933 cocta
1141 3871 1293 3946 0100003,Ι
1316 3890 1418 3950 neque
1443 3872 1585 3937 Teleboi

406 3983 471 4040 tam
498 3974 593 4058 longe
617 3997 637 4042 a
661 3979 782 4042 Thebis
807 3981 955 4057 aberant,
980 3985 1016 4043 ut
1040 3977 1205 4044 Steinhoff
1225 3977 1294 4059 ipse
1318 3980 1338 4043 1.
1357 3979 1378 4042 l.
1402 3997 1431 4058 p.
1459 3976 1499 4044 19
1525 3978 1585 4043 de·

406 4081 612 4148 monstrauit.
637 4090 809 4164 praeterea
833 4084 859 4149 si
887 4085 946 4149 boc
969 4085 1062 4148 modo
1092 4084 1392 4165 interpretabimur,
1418 4092 1506 4149 recte
1530 4085 1587 4148 in-

406 4189 579 4270 tellegetur
602 4209 717 4255 uersus
743 4189 806 4256 107
830 4191 857 4252 is
879 4210 986 4252 ornare
1009 4192 1121 4269 occepit
1142 4190 1348 4254 Alcumenam
1362 4189 1442 4252 olum
1456 4191 1588 4268 atrurn,-

405 4295 449 4360 ibi
475 4315 544 4360 cum
571 4296 700 4362 dicatur
724 4295 803 4358 olom
826 4298 941 4370 0000,
967 4318 1030 4363 000
1054 4296 1278 4370 0000000010,
1303 4297 1407 4361 uirum
1435 4297 1588 4382 alluisse,

405 4402 460 4468 sed
489 4402 529 4467 de
551 4403 609 4468 illa
632 4418 683 4469 re·
700 4406 742 4469 ab
768 4406 845 4469 Ioue
870 4405 1007 4471 celatum
1034 4424 1104 4470 esse
1133 4411 1386 4471 consentaneum
1412 4410 1471 4484 est,
1499 4404 1588 4474 item
