3568 5294
891 593 1105 662 -50,.

410 795 579 861 Rundsclr.
612 792 696 861 1881
726 815 746 878 p
773 790 886 877 1120l3
911 796 965 860 sed
992 814 1074 875 quae
1098 797 1168 876 ipse
1193 797 1330 878 profert,
1355 795 1459 861 minus
1484 795 1583 859 etiam

409 903 542 984 probari
556 908 701 984 possunt.
723 902 782 966 hoc
799 901 999 982 potissimum
1015 902 1188 968 tenendum
1206 903 1367 984 estquod
1387 936 1422 944 ·-
1443 921 1483 966 ne
1502 901 1586 966 alios

409 1009 565 1075 nominem
581 1044 621 1052 -
635 1010 773 1090 Spengel
786 1005 926 1091 (Adelph
937 1010 1033 1091 praei
1042 1031 1062 1092 p
1075 1007 1235 1085 XVadn.)
1247 1010 1437 1087 affirmauit,
1449 1016 1586 1090 propter

408 1145 521 1191 uersus
546 1124 610 1192 942
635 1127 736 1190 uerba
761 1141 802 1189 nc
841 1142 995 1207 precoro
1024 1127 1146 1191 Donati
1172 1129 1273 1191 uerba
1298 1121 1394 1209 opud
1432 1119 1585 1188 Menen-

407 1229 516 1297 drnm
556 1249 659 1297 senem
688 1227 890 1315 deeeptus
924 1250 992 1297 non
1017 1234 1192 1314 ‘arcuatur
1217 1234 1314 1298 aliter
1342 1233 1492 1312 intellegi
1521 1252 1583 1296 non

409 1359 503 1421 posse
519 1359 612 1421 qnam
631 1342 717 1422 apud
734 1341 946 1406 Menandrum
963 1361 1087 1422 quoque
1108 1361 1226 1424 senem,
1243 1349 1280 1408 ut
1293 1362 1423 1408 [uxorem
1440 1342 1584 1420 duceret,

408 1456 598 1513 commotum
625 1467 696 1513 esse
720 1448 776 1512 sed
802 1447 932 1513 facilius
958 1456 990 1512 et
1015 1449 1164 1514 celerius.
1213 1450 1327 1515 mirum
1365 1450 1493 1531 quidem
1522 1458 1583 1529 est,

408 1555 492 1634 quod
517 1573 617 1619 senex
640 1574 724 1620 anno
748 1555 861 1634 quinto
886 1561 918 1620 et
942 1556 1144 1636 sexagesimo
1169 1576 1264 1622 auum
1286 1556 1482 1637 decrepitam
1506 1574 1582 1620 uxo-

409 1680 474 1726 rem
512 1661 613 1743 ducit,
647 1681 730 1743 quae
764 1662 826 1726 iarn
864 1662 919 1726 diu
954 1683 1012 1744 per
1041 1683 1142 1729 annos
1166 1683 1282 1745 parere
1308 1683 1370 1728 non
1395 1668 1520 1744 potest3
1544 1661 1580 1726 cf

378 1859 379 1862 Ἴ
409 1768 596 1849 Euripidem
628 1768 660 1832 in
691 1769 779 1834 Stob.
809 1769 879 1834 flor.
910 1769 1029 1848 11638
1053 1763 1145 1828 'All'
1177 1769 1196 1851 ἢ
1229 1767 1261 1829 τὸ
1287 1776 1382 1854 γῆρας
1406 1767 1461 1850 τὴν
1485 1767 1585 1852 κύπριν

408 1874 516 1958 χαίρειν
541 1872 593 1942 ἐᾶι,
618 1870 679 1955 dr*
703 1874 844 1960 ἀφροδίτη
871 1883 934 1936 zoio
949 1878 1078 1960 γέρουσιν
1095 1877 1232 1960 ἅχθεταῑ;
1250 1879 1306 1943 sed
1325 1885 1433 1943 temen
1455 1883 1583 1958 poetam

409 1983 475 2046 tale
505 1995 730 2062 argumentum
761 1983 886 2065 fingere
917 1985 1059 2064 potuisse
1088 2005 1210 2065 negare
1240 1986 1295 2050 uix
1323 1987 1475 2066 audeam3
1500 1983 1585 2064 quod

410 2089 480 2153 ueri
510 2089 647 2153 similius
676 2089 773 2155 etiem
805 2091 878 2166 erit,
908 2092 934 2156 si
964 2098 1065 2158 totam
1096 2093 1226 2159 fabulae
1257 2093 1477 2158 condicionem
1511 2110 1584 2156 con-

408 2194 669 2261 siderauerimus
717 2216 789 2262 nam
827 2198 872 2262 ibi
908 2199 1054 2279 quaestio
1089 2200 1144 2264 ille
1173 2207 1208 2263 et
1237 2221 1256 2264 a
1284 2199 1484 2282 plrilosoplris
1509 2205 1585 2262 eta

408 2303 515 2383 poetis
539 2302 631 2382 trita,
656 2299 707 2381 (cf
728 2303 858 2369 Stobaei
884 2305 977 2371 floril.
1004 2305 1146 2389 67—76,
1170 2309 1209 2372 L.
1224 2308 1380 2385 Schmidt,
1405 2307 1509 2371 Mtlrilr
1526 2307 1585 2369 der

409 2409 497 2474 alten
524 2409 687 2475 Grieclren
720 2412 763 2476 ll.
791 2409 876 2477 1882
901 2433 920 2494 p
946 2413 1009 2478 133
1034 2435 1064 2496 q.
1090 2434 1114 2478 s.
1142 2412 1215 2495 165,
1241 2413 1305 2480 186
1330 2436 1360 2496 q.
1386 2412 1425 2492 3.)
1451 2413 1585 2494 nuptiae

409 2514 643 2596 praeferendae
661 2517 728 2582 sint
744 2537 784 2582 an
804 2519 994 2601 caelibatus,
1014 2527 1195 2604 tractatum
1211 2524 1272 2587 iam
1290 2521 1439 2586 uersibus
1452 2516 1584 2585 44-46

407 2623 504 2686 Micio
528 2641 660 2688 uxorem
686 2643 720 2688 se
744 2644 916 2707 numquam
942 2628 1103 2710 habuisse,
1129 2632 1279 2695 Demeam
1302 2648 1432 2694 uxorem
1452 2627 1582 2693 duxisse

407 2737 538 2811 narrat3
567 2731 651 2794 hanc
679 2750 744 2795 rem
780 2733 866 2796 inter
895 2753 930 2799 se
959 2742 993 2798 et
1016 2736 1185 2802 Micionem
1211 2739 1372 2802 interesse
1397 2735 1493 2800 etiam
1519 2736 1581 2798 De·

408 2856 479 2901 mee
519 2857 547 2902 u.
573 2835 638 2903 867
673 2837 826 2904 affirmat.
876 2842 934 2906 lroc
964 2843 1061 2909 etiem
1092 2845 1123 2908 iu
1149 2844 1458 2910 Menandrifebula
1483 2842 1581 2908 exsti·

409 2945 489 3008 11333
514 2946 663 3010 Donatus
688 2946 783 3009 testis
808 2954 868 3028 est,
894 2950 950 3029 qui
974 2951 1086 3016 laudat
1103 2953 1144 3016 ad
1161 2953 1291 3035 Adelph
1310 2954 1337 3032 I,
1354 2949 1430 3032 1,18
1447 2969 1576 3016 uersum

408 3045 431 3107 ὦ
456 3051 594 3133 μακάριόν
623 3071 668 3130 με,
698 3058 816 3131 γυναῖκα
845 3051 877 3112 od
905 3052 1059 3135 λαμβάνω.
1106 3059 1216 3140 itaque
1253 3079 1322 3124 cum
1360 3058 1491 3123 fabulae
1520 3058 1582 3122 fine

411 3158 520 3221 neutri
554 3159 711 3224 rationem
750 3163 863 3227 bonam
907 3183 978 3229 esse
1016 3176 1234 3245 cognoscatur
1266 3185 1402 3246 eamque
1438 3167 1478 3229 ob
1515 3185 1580 3229 rem

410 3269 582 3345 utrumque
606 3284 727 3346 poenas
752 3269 878 3334 soluere
903 3279 1064 3355 oporteat,
1090 3274 1259 3338 Micionem
1291 3292 1415 3355 quoque
1441 3273 1583 3337 moribus

410 3370 574 3451 prioribus
617 3373 776 3439 desistere
810 3384 1058 3444 consentaneum
1095 3387 1155 3445 est.
1214 3401 1319 3462 neque
1352 3401 1429 3445 uero
1455 3385 1584 3444 ceterae

407 3496 531 3558 poenae
562 3479 644 3544 satis
675 3499 792 3559 graues
821 3482 969 3561 fuissent,
998 3506 1067 3551 oum
1098 3507 1202 3568 neque
1227 3491 1312 3553 bona
1335 3488 1455 3553 amissa
1479 3505 1583 3567 neque

408 3587 525 3666 Syrum
564 3606 659 3652 manu
698 3589 829 3655 missum
867 3599 931 3658 tam
968 3613 1066 3675 aegre
1101 3595 1241 3660 laturum
1272 3595 1373 3660 fuisse
1397 3602 1476 3676 puto
1502 3613 1583 3674 eum,

409 3711 500 3772 quern
529 3693 627 3759 etiam
652 3701 751 3760 antee
776 3697 984 3780 clementem,
1009 3700 1183 3785 placidum,
1208 3703 1375 3768 liberalem
1400 3703 1500 3766 fuisse
1524 3701 1584 3764 soi-

407 3817 488 3864 mus.
538 3800 652 3881 quibus
691 3805 787 3867 rebus
812 3805 964 3872 Demeam
996 3810 1104 3890 potius
1134 3829 1238 3875 mores
1262 3823 1405 3876 mutasse
1430 3809 1582 3876 efficitur.

408 3905 506 3969 Micio
532 3925 608 3971 uero
635 3918 670 3972 ut
693 3912 805 3990 poenis
829 3912 1019 3981 afficeretur
1046 3919 1128 3982 satis
1152 3918 1310 3998 grauibus
1335 3937 1501 3999 moresque
1518 3935 1582 3981 mu-

408 4019 497 4076 taret
521 4022 618 4094 atque
642 4034 762 4082 omnem
783 4020 872 4084 uitae
888 4023 1047 4088 rationem
1074 4031 1107 4088 et
1131 4025 1382 4109 institutionem,
1409 4029 1491 4090 bene
1507 4043 1585 4088 sane

407 4127 441 4184 et
467 4121 605 4186 ridicule
631 4125 812 4190 Menander
836 4147 955 4210 senem,
980 4132 1033 4211 qui
1058 4139 1154 4196 antea
1178 4133 1362 4213 coniugium
1389 4135 1585 4216 aspernaba-

409 4232 474 4307 tur,
506 4234 571 4292 tum
605 4236 642 4294 ut
666 4251 750 4297 anno
774 4235 886 4313 quinto
911 4245 943 4300 et
966 4239 1167 4319 sexagesimo
1193 4242 1328 4306 maritus
1361 4244 1453 4308 fieret
1488 4250 1586 4323 atque

412 4352 506 4398 anum
535 4335 731 4420 decrepitam
758 4341 901 4423 duceret,
927 4347 1116 4411 commoueri
1154 4347 1241 4413 iecit.
1268 4350 1350 4414 lrano
1372 4352 1474 4432 igitur
1498 4371 1585 4420 scae·

411 4451 484 4510 anm
508 4442 605 4508 etiam
631 4445 662 4508 in
681 4448 858 4529 exemplari
877 4449 1004 4516 Graeco
1029 4452 1129 4518 fuisse
1152 4457 1264 4536 negeri
1290 4478 1351 4524 non
1377 4469 1495 4544 potest.
