3568 5294
667 597 889 665 „33-

290 791 350 855 Al.-
379 787 463 855 Conu
485 793 676 873 adpositum:
700 797 851 858 commisti
874 815 1006 858 cloccum:
1031 817 1084 877 cuo
1106 797 1235 860 occubui
1257 797 1361 861 sioni.

290 900 369 964 Am:
394 900 436 964 16
459 901 562 965 cocicui
586 903 683 966 lecto?
704 903 765 967 Al:
790 901 833 967 Ilo
855 905 967 970 oodoni.
1015 903 1074 969 So:
1097 904 1152 986 Ei,
1180 907 1364 987 complacet

504 1012 753 1074 conuiuium.

185 1173 288 1235 neque
312 1154 537 1236 uorsibus'qui
560 1162 756 1237 sequuntur:

288 1296 347 1360 At.-
383 1295 424 1360 Tc
454 1291 626 1361 dolmitucc
658 1297 765 1361 uibus:
798 1319 904 1362 tinomao
933 1299 1086 1364 oblutust:
1126 1301 1261 1366 cubitum
1291 1302 1362 1368 timo

502 1404 645 1468 ubiilnoa

288 1511 367 1576 Ant:
404 1510 466 1575 Vbi
487 1517 522 1575 tu
545 1511 703 1576 cubuisti?
722 1514 784 1577 Al.-
815 1512 857 1577 Iu
886 1513 989 1578 oodoni
1019 1515 1094 1580 lecto
1117 1520 1216 1580 cocum
1238 1539 1305 1582 uno
1327 1520 1361 1582 im

427 1649 428 1652 ¹
503 1619 652 1682 coibicuio.

184 1768 244 1831 hac
268 1763 393 1831 domum
418 1771 513 1831 nocte
534 1765 643 1830 Iouem
670 1767 878 1832 Alcumenam
904 1766 1072 1846 grauidam
1091 1767 1209 1833 fecisse
1233 1769 1361 1836 demon·

182 1873 283 1938 strabi
306 1879 424 1954 potest,
449 1892 519 1938 cum
544 1892 586 1938 66
603 1871 653 1937 his
675 1872 805 1954 quidem
831 1873 872 1938 do
896 1873 1079 1953 concubitu,
1103 1875 1160 1941 scd
1185 1875 1225 1942 cle
1244 1895 1356 1942 somno

183 1986 308 2045 tantum
344 1985 472 2060 agatur.
521 1980 579 2045 sed
611 1998 672 2060 quo
697 1980 827 2060 clarius,
861 1980 937 2062 quid
971 1981 1033 2046 sibi
1057 1982 1137 2047 uelit
1161 1983 1302 2048 cubandi
1327 1991 1360 2050 et

182 2088 362 2153 accubandi
386 2107 448 2155 uox
472 2086 713 2169 intellegamus,
738 2087 925 2154 confercndi
951 2095 1028 2154 sunt
1054 2109 1184 2156 uersus:

290 2195 372 2261 Asin
404 2193 470 2262 830
495 2191 529 2255 si
548 2188 628 2258 hacc
651 2213 739 2257 nuuc
761 2213 884 2258 mecum
903 2189 1051 2269 occubat,
1071 2195 1136 2265 832
1161 2199 1236 2278 quio
1255 2200 1357 2262 iocum

182 2297 330 2376 ucciibai,
361 2302 426 2370 834
471 2323 528 2383 uuo
566 2323 636 2384 orco
675 2301 730 2366 lioc
761 2305 913 2384 inuitemus
944 2305 1191 2398 conuiuium.
1222 2306 1257 2372 ci
1283 2304 1359 2386 878,

182 2410 257 2478 923.
305 2414 413 2478 Bacch
456 2410 520 2478 896
551 2415 587 2473 ut
608 2410 660 2474 iiic
690 2429 760 2472 cum
791 2410 848 2474 illu
871 2429 968 2492 nequo
991 2409 1082 2474 cubui
1104 2431 1201 2491 noque
1220 2412 1360 2476 attitulat

181 2539 278 2598 nequo
308 2518 493 2581 auscultatur
519 2539 616 2599 noque
646 2517 728 2581 illud
750 2517 833 2598 quod
855 2518 917 2582 clici
936 2517 1056 2592 <buud>
1075 2518 1159 2592 soict,
1184 2540 1245 2600 quo
1263 2539 1360 2586 uersu

183 2646 252 2691 cum
293 2626 461 2692 [uocabulis
493 2625 576 2689 illud
599 2625 682 2706 quod
713 2624 775 2688 dici
795 2623 912 2699 066660
933 2625 1007 2689 solct
1028 2626 1233 2692 concubitum
1257 2626 1360 2706 signi·

182 2732 274 2798 ficari
297 2739 448 2815 oportent
471 2729 518 2814 (cf
540 2733 649 2798 Pseud
673 2731 762 2812 215),
788 2732 928 2799 cubandi
952 2733 1054 2798 uerbo
1073 2731 1278 2799 concubitum
1295 2753 1359 2798 non

182 2840 362 2922 significari
389 2841 485 2906 facile
509 2839 721 2920 intellegitur.
749 2841 822 2905 Men
843 2837 908 2906 367
931 2838 1159 2919 prandium
1183 2843 1219 2901 ut
1242 2840 1361 2902 iussisti

182 2945 232 3009 liic
264 2951 450 3011 obictumst:
482 2941 537 3010 ubi
568 2941 649 3020 libct,
683 2949 729 3010 irc
756 2945 825 3009 iicet
852 2945 1035 3011 occubitum.
1084 2945 1141 3012 Mil
1166 2943 1230 3011 753
1250 2947 1360 3009 ouini

182 3054 280 3117 soloni
308 3054 433 3134 quoodo
469 3053 644 3127 occubuere,
685 3053 738 3115 ubi
770 3073 865 3116 ccmo
898 3054 1078 3132 opinositust
1107 3052 1214 3118 dicere.
1271 3055 1359 3119 Most

184 3161 226 3227 43
250 3181 348 3241 acque
378 3156 520 3241 superior
543 3181 637 3241 oomni
658 3181 730 3224 crus
752 3159 938 3226 occumbere.
971 3162 1058 3227 Most
1081 3159 1157 3239 308,
1182 3157 1257 3240 309,
1282 3159 1358 3241 326,

185 3268 261 3348 341,
286 3267 362 3335 343.
389 3271 468 3334 Pers
480 3267 544 3336 767
567 3268 709 3332 occumbo
726 3317 733 3331 .
752 3321 758 3335 .
779 3267 874 3334 ‚doto
893 3288 1009 3349 uquam
1030 3267 1190 3331 monitos:
1214 3270 1359 3348 opponite

184 3396 332 3439 mousom.
380 3376 471 3442 Stich
498 3374 562 3442 487
585 3397 697 3440 uorum
720 3375 770 3440 liic
792 3375 880 3456 opud
901 3396 949 3439 mc
972 3375 1230 3438 commutationi
1247 3395 1359 3438 nouom

188 3481 252 3546 Ge:
278 3483 355 3546 Hom
371 3482 496 3563 postulo
516 3479 654 3563 oqui'cicm
678 3504 725 3546 mc
749 3485 783 3547 iu
807 3483 881 3546 looto
894 3481 1079 3555 occumbere,
1097 3481 1172 3561 493,
1189 3479 1264 3563 569,
1281 3481 1356 3562 750,

185 3591 266 3656 'Prin
292 3589 366 3669 473,
397 3590 514 3673 quibus
539 3590 687 3657 omnibus
712 3592 752 3656 de
776 3590 934 3657 conuiuiis
958 3590 1079 3670 agitur.
1105 3609 1188 3671 quac
1213 3609 1283 3655 cum
1309 3589 1356 3654 ita

184 3698 261 3776 sint,
286 3718 326 3762 ne
351 3698 398 3762 eis
422 3699 550 3780 quidem
575 3697 664 3777 locis,
689 3697 805 3779 quibus
830 3696 972 3772 cubandi
991 3699 1125 3763 uerbum
1151 3695 1356 3762 concubitum

184 3805 362 3886 siguificat,
396 3811 432 3870 ut
459 3805 544 3871 Cure
573 3802 615 3871 57
645 3824 741 3883 licque
775 3803 847 3865 dum
873 3803 989 3865 cubitat
1008 3822 1077 3865 oum
1100 3803 1182 3866 uiris
1205 3803 1267 3869 Cas
1291 3800 1356 3867 339

183 3916 220 3972 ut
250 3931 303 3991 cuo
331 3930 400 3974 cum
432 3911 547 3976 Casino
576 3911 688 3984 cubem,
714 3931 793 3976 uera
816 3910 1014 3992 significatio
1039 3930 1111 3976 esso
1134 3911 1276 3990 uidetur,
1301 3909 1357 3975 sed

184 4025 348 4100 tamquam
373 4039 431 4100 per
446 4019 694 4100 euplnomismum
720 4017 799 4100 dioi3
824 4017 858 4082 cf
879 4019 940 4083 Cas
965 4015 1030 4084 482
1053 4035 1122 4079 mco
1142 4036 1223 4079 ccuor
1237 4015 1358 4078 uocabit

182 4123 244 4187 bolo
275 4145 343 4188 com
374 4125 419 4188 ud
447 4145 478 4188 sc
500 4126 534 4188 in
558 4126 695 4204 nuptias,
719 4128 755 4186 at
776 4123 825 4186 llic
847 4125 888 4186 sit
910 4142 1020 4195 secum,
1042 4142 1073 4185 so
1095 4121 1234 4195 adiuuet,
1256 4141 1358 4185 sccum

183 4231 280 4298 olibet.
327 4233 390 4297 Cas
414 4231 496 4316 4843
522 4233 605 4298 Cucc
629 4231 671 4298 76
696 4251 777 4294 uuus
799 4230 849 4293 liic
870 4229 945 4293 solet
967 4228 1078 4292 cubum
1101 4227 1357 4296 custosllli1470

183 4338 422 4413 commutabat,
439 4338 515 4417 484,
532 4339 586 4406 ubi
604 4341 724 4405 cubare
741 4338 821 4404 nihil
839 4337 927 4404 allud
945 4336 1111 4417 significat
1128 4335 1190 4401 nisi
1208 4344 1355 4403 nostrum

182 4445 291 4527 liccem,
316 4444 462 4526 scilufcn.
498 4467 537 4512 ne
554 4445 789 4527 complectendi
807 4445 933 4526 quidem
949 4450 1007 4509 alut
1023 4442 1242 4524 amplectendi
1259 4445 1357 4508 uerbo

1073 4561 1090 4616 3
