3568 5294
710 567 927 633 ,35-

233 765 438 830 Alcumenam
473 767 514 841 ab
548 764 786 845 Amphitruone
819 785 853 829 se
887 763 1072 845 concepisse
1101 770 1206 830 ratam
1232 765 1400 846 deceptam

232 891 310 936 esse.
341 879 418 937 ante
443 872 550 938 omnia
575 873 633 936 ltoc
657 883 705 938 661
731 873 902 937 tenendum
928 872 1153 937 difficillimum
1169 871 1270 938 fuisse
1285 879 1402 954 poetae

230 979 349 1044 comico
383 980 601 1044 narrationem
636 979 723 1044 illam
760 1001 778 1044 a
812 981 1059 1062 mythograplris
1093 981 1262 1062 poetisque
1300 980 1401 1062 epicis

231 1087 384 1151 traditam
415 1087 455 1151 ad
486 1106 675 1152 scaenarum
708 1093 814 1152 actum
844 1106 1047 1167 componere,
1077 1106 1147 1152 oum
1173 1088 1289 1167 omnia,
1319 1107 1402 1169 quae

230 1193 261 1257 in
292 1195 420 1258 scaenis
448 1201 636 1275 agerentur,
666 1194 697 1258 in
734 1213 830 1259 unum
855 1195 939 1258 diem
965 1195 1107 1260 coartari
1132 1214 1265 1260 necesse
1289 1195 1401 1261 fuerit.

231 1300 343 1364 deesse
368 1319 428 1365 non
455 1307 608 1381 poterant
634 1301 825 1382 Amphitruo
850 1321 1011 1372 reuersus,
1038 1322 1106 1367 cum
1133 1321 1233 1367 uxore
1257 1302 1402 1384 litigans

232 1410 272 1472 ab
295 1408 373 1472 Ioue
397 1408 503 1488 qualis
527 1408 643 1473 luisset
666 1427 719 1474 res
744 1409 905 1491 eruditus;
930 1408 1099 1475 sedetiam
1117 1410 1246 1490 longam
1264 1416 1401 1488 noctem,

231 1534 325 1595 quiam
375 1517 460 1596 apud
520 1535 632 1581 omnes
679 1517 782 1582 ferme
832 1516 1008 1596 scriptores
1057 1516 1189 1582 maximi
1251 1516 1402 1582 momenti

230 1620 331 1687 luisse
355 1642 394 1688 ex
420 1623 560 1687 Winteri
586 1624 818 1688 dissertatione
842 1643 867 1687 6.
883 1623 904 1688 l.
929 1623 1160 1704 cognoscimus,
1179 1630 1212 1688 et
1228 1624 1400 1688 Herculem

231 1748 354 1808 angues
380 1729 560 1794 enicantem
585 1726 632 1810 (cf
654 1726 804 1808 eandem)
830 1731 979 1795 omittere
995 1749 1058 1794 uon
1074 1729 1190 1810 potuit.
1215 1731 1327 1810 itaque
1343 1731 1404 1794 hac

234 1844 342 1918 nocte,
377 1856 446 1902 cum
481 1849 669 1918 conceptum
705 1857 773 1902 esse
798 1838 969 1902 Herculem
1005 1837 1067 1902 iam
1099 1843 1198 1902 antea
1227 1845 1403 1919 oporteret,

234 1945 343 2008 Iouem
375 1963 444 2009 cum
469 1944 649 2010 Alcumena
674 1945 899 2010 conuiuantem
926 1943 1029 2009 fiuxit.
1079 1963 1180 2024 neque
1205 1943 1404 2009 contradicit

231 2051 498 2116 lmicsententiae
523 2071 552 2116 u.
571 2049 636 2116 102
661 2053 688 2113 16
704 2053 800 2130 prius
824 2072 917 2131 parom
939 2051 1010 2114 ltine
1035 2051 1112 2113 odiit
1129 2052 1256 2130 ipsemet
1270 2052 1304 2114 iu
1319 2070 1405 2114 exer-

232 2159 326 2218 citum
347 2157 517 2236 proludunt
539 2157 747 2221 Alcumenam
776 2178 903 2221 uxorem
925 2156 999 2238 fecit
1019 2177 1118 2230 sunm,
1145 2179 1215 2224 cum
1240 2159 1302 2224 iam
1328 2178 1405 2224 non-

232 2264 330 2328 nullis
354 2264 520 2329 mensibus
543 2270 620 2330 ante
645 2271 680 2330 ut
704 2266 874 2346 grauidam
890 2265 1025 2348 faceret,
1041 2266 1111 2330 fieri
1128 2264 1279 2346 potuerit.
1297 2271 1404 2330 restat

232 2381 338 2436 autem
364 2391 393 2436 u.
419 2370 504 2437 1137
529 2376 563 2433 tu
585 2351 755 2452 praecidunt
777 2370 973 2451 itcrufecisli,
991 2391 1082 2451 puolo
1098 2372 1315 2434 inexercitum
1331 2390 1405 2450 pro·

230 2476 337 2558 scotris,
367 2478 438 2559 ubi,
464 2479 526 2544 nisi
554 2479 638 2545 forte
660 2477 760 2558 fecisti
783 2499 840 2560 pro
855 2474 983 2560 soceros
1007 2479 1071 2544 dici
1096 2486 1258 2560 putamus,
1284 2477 1406 2544 discre-

232 2586 346 2667 pantia
379 2587 554 2651 statuenda
587 2593 646 2652 est,
695 2607 777 2667 quae
811 2587 951 2652 fortasse
977 2585 1057 2650 ferri
1081 2591 1188 2667 potest
1218 2585 1251 2650 in
1275 2585 1406 2650 fabulae

234 2693 312 2774 fine,
346 2694 371 2758 si
407 2702 442 2758 ut
475 2694 527 2758 tio
555 2694 596 2758 ad
630 2700 855 2775 argumentum
890 2692 1003 2759 tritum
1038 2700 1136 2773 poeta
1169 2691 1293 2758 rediret
1334 2691 1406 2756 fieri

234 2800 376 2880 potuisse
399 2805 559 2880 putamus.
798 2802 800 2807 ’

343 2908 470 2974 Deinde
494 2909 577 2989 qnod
595 2909 732 2988 Langen
750 2905 867 2987 (Beitr.
887 2906 943 2987 42)
967 2928 985 2973 u
1003 2907 1066 2974 491
1083 2911 1118 2969 al
1141 2909 1205 2970 lonc
1222 2907 1290 2970 diui
1310 2927 1407 2974 sensu

236 3035 347 3080 carere
372 3015 501 3096 putauit
525 3035 635 3080 uerum
661 3034 723 3079 non
750 3022 807 3096 est,
832 3015 885 3080 sed
905 3015 1047 3096 pertinet
1064 3015 1144 3080 illud
1160 3015 1201 3080 ad
1218 3034 1236 3080 u
1254 3012 1318 3080 476
1332 3034 1407 3076 11661

234 3121 424 3200 Arrtpltilrno
456 3125 595 3183 actutum
625 3120 848 3184 recordandos
876 3122 999 3186 conciet.
1046 3126 1208 3204 postremo
1233 3141 1273 3186 ne
1296 3141 1407 3187 uersus

236 3230 362 3309 quidem
389 3227 463 3308 473,
496 3228 570 3310 490,
602 3228 665 3296 491
695 3229 782 3294 inter
808 3249 842 3294 se
867 3234 1063 3310 repugnant,
1088 3248 1156 3294 cum
1185 3249 1204 3294 u
1230 3227 1408 3307 473lpitnr

236 3335 608 3408 (1611111111661666661661,
634 3335 819 3416 quaefacta
842 3336 951 3402 eodem
986 3335 1079 3400 modo
1104 3355 1166 3417 quo
1191 3355 1211 3400 u
1236 3333 1408 3402 4856616

236 3444 275 3506 ad
309 3463 363 3508 eos
393 3442 570 3525 pertineat,
599 3443 653 3522 qui
683 3443 838 3522 audiunt,
870 3463 888 3508 u
914 3440 979 3509 loo
1009 3441 1038 3506 61
1060 3442 1114 3523 qni
1140 3443 1294 3520 celentur,
1320 3441 1407 3506 cinos

237 3550 382 3614 Thebani
416 3549 579 3631 ceterique
610 3555 740 3631 praeter
775 3549 955 3614 familiares
994 3549 1071 3613 siut.
1127 3548 1272 3614 uidemus
1308 3548 1408 3628 igitur

238 3676 353 3721 causas
379 3677 398 3722 a
421 3655 503 3722 uiris
521 3656 625 3720 doctis
641 3657 759 3720 allatas
778 3663 813 3721 ut
831 3657 914 3720 hanc
930 3675 1079 3721 scaenam
1104 3653 1408 3736 interpolationibus

238 3769 422 3844 corruptam
458 3782 529 3827 6666
563 3763 836 3844 demonstrarent,
860 3782 972 3844 parum
998 3763 1118 3828 ualere.
1165 3781 1267 3843 neque
1301 3769 1406 3826 tanren

240 3871 295 3934 lios
319 3890 433 3936 uersus
458 3889 568 3936 omnes
593 3870 751 3951 ingenuos
769 3889 840 3935 6666
858 3869 1090 3952 contenderim,
1115 3889 1184 3934 cum
1210 3870 1325 3950 quibus
1343 3869 1409 3932 tale

239 3979 314 4058 quid
354 3978 595 4042 demonstretur
648 3977 754 4061 desint
784 3983 988 4056 argumenta.
1045 3976 1125 4040 nilril
1154 3977 1195 4040 ad
1225 3976 1309 4040 lianc
1342 3995 1407 4038 rem

239 4084 478 4149 diiudicandam
503 4084 627 4166 inuare,
651 4085 735 4164 quod
759 4083 958 4149 coniunctast
983 4076 1060 4159 ἅπαξ
1083 4078 1243 4165 εἰρημένον,
1269 4101 1325 4146 suo
1340 4082 1409 4147 iure

239 4191 380 4273 Seyffert
408 4188 509 4271 (Berl.
531 4190 611 4272 phil.
637 4191 737 4256 Woch
765 4188 815 4274 16,
843 4189 902 4273 133
934 4190 975 4256 61.
999 4190 1191 4255 Jalnesber.
1221 4183 1272 4268 63,
1298 4187 1339 4256 76
1365 4187 1408 4260 A)

238 4298 416 4364 contendit.
431 4304 559 4364 ceteras
574 4316 654 4380 ques
665 4298 776 4364 Havet
791 4296 887 4363 affert
901 4317 1015 4363 causas
1031 4295 1150 4361 nullius
1167 4315 1240 4361 esse
1256 4295 1409 4362 momenti

239 4406 337 4472 facile
364 4404 587 4490 intellegitur;
618 4423 768 4471 uersuum
794 4404 995 4486 singularum
1020 4402 1211 4484 paginarum
1241 4401 1273 4467 in
1300 4401 1409 4465 codice

1198 4504 1231 4558 3*
