3568 5294
653 619 870 688 -.11-

170 815 417 900 asportandam.
451 824 609 889 uocabulo
638 818 670 888 05
698 829 912 911 Clitiphonem
953 831 994 895 ab
1033 833 1224 914 Eugraphio
1246 833 1348 918 signi·

172 924 264 989 60551
293 927 363 991 5051
396 927 501 994 simile
531 941 602 1013 est3
631 933 687 997 sed
721 930 772 996 his
805 928 916 995 uerbis
951 930 1010 996 hoo
1044 936 1171 998 tantum
1197 932 1344 1015 intellegi

172 1039 290 1114 potest,
314 1036 471 1114 quomodo
496 1039 707 1122 Eugraphius
731 1037 875 1103 oodioum
901 1038 1003 1102 uerba
1027 1036 1266 1121 interpretatus
1289 1042 1344 1108 sit.

172 1158 244 1204 nam
278 1155 359 1205 erus
387 1166 449 1212 non
476 1148 576 1213 solum
601 1166 711 1224 senex,
736 1146 792 1211 sed
817 1145 915 1210 etiam
934 1144 1022 1209 erilis
1040 1145 1125 1211 filius
1142 1148 1344 1216 nominatur:

279 1256 357 1321 Asin
392 1253 467 1336 256,
498 1251 573 1336 280,
604 1251 679 1334 619,
716 1251 790 1335 641,
825 1249 899 1332 646,
930 1249 1005 1333 672,
1036 1250 1110 1334 683,
1135 1251 1210 1336 714,
1237 1257 1344 1322 Β5005

171 1361 246 1438 212,
272 1362 345 1439 415,
372 1361 446 1443 645,
472 1360 549 1443 663,
574 1359 649 1445 668,
674 1362 758 1443 0555
783 1357 834 1442 36,
860 1358 913 1442 41,
941 1357 1018 1440 404,
1050 1358 1129 1444 413,
1162 1359 1243 1441 685,
1268 1360 1345 1444 707,

172 1467 268 1552 1005,
292 1472 378 1552 Epid
395 1469 467 1546 126,
493 1467 569 1550 345,
594 1471 684 1533 Mero
702 1465 774 1549 134,
800 1465 875 1546 822,
892 1467 997 1532 Pseud
1014 1465 1045 1549 4,
1061 1465 1135 1549 230,
1153 1467 1229 1551 493,
1248 1467 1346 1552 1283,

174 1578 264 1642 Andr
274 1575 350 1659 208,
366 1579 440 1643 Eun
457 1575 508 1656 57,
524 1578 642 1641 Phorm
659 1573 734 1656 471,
750 1573 826 1655 842,
843 1575 913 1639 Heo
928 1572 1003 1650 430,
1019 1571 1095 1656 799,
1110 1573 1185 1657 873,
1202 1576 1254 1642 Ad
1269 1575 1344 1644 211.

171 1683 331 1782 imprimis
369 1705 409 1750 ex
446 1683 652 1749 Phormionis
682 1689 716 1747 et
748 1682 900 1748 Pseudoli
930 1682 1078 1748 uersibus
1107 1683 1166 1748 500
1195 1683 1344 1766 intellegi

169 1800 279 1874 potest
302 1793 432 1858 collatis
458 1794 573 1858 Phorm
599 1790 673 1870 247,
698 1788 773 1873 248,
799 1787 872 1867 286,
899 1786 974 1869 359,
998 1787 1074 1870 372,
1088 1786 1163 1862 623,
1179 1786 1255 1872 634,
1270 1788 1344 1873 860,

170 1901 276 1965 Pseud
300 1898 376 1982 410,
398 1898 472 1980 455,
496 1897 572 1979 461,
589 1897 662 1979 691,
679 1895 765 1963 1028
781 1915 850 1961 oum
868 1895 1018 1961 uersibus
1034 1894 1344 1977 sup1·alaudatis.*)

169 2026 265 2087 quam
290 2010 331 2073 oh
352 2028 419 2072 rem
447 2006 669 2088 Eugraphium
692 2012 875 2071 nostrorum
892 2002 1035 2069 oodioum
1054 2003 1223 2069 lectionem
1239 2003 1344 2085 ipsum

173 2133 300 2196 quoque
332 2114 483 2180 habuisse
516 2114 631 2194 negari
664 2113 753 2177 nullo
783 2111 874 2176 modo
907 2117 1026 2191 potest.
1073 2110 1201 2176 Bentlei
1235 2116 1343 2177 autem

171 2222 407 2303 coniecturam,
437 2241 531 2302 quam
566 2221 713 2300 Wagner
744 2217 884 2300 recepit,
907 2216 1155 2298 improbandam
1180 2236 1251 2284 esse
1274 2237 1344 2300 per-

169 2328 313 2410 spiouum
339 2335 400 2394 est.

277 2446 388 2526 Neque
411 2444 523 2510 melior
547 2451 599 2509 est
623 2443 767 2510 Aoidalii
791 2441 979 2508 0051005555
999 2435 1141 2507 ahalae
1168 2456 1237 2525 050,
1263 2459 1345 2509 eras

168 2557 295 2626 dommo
324 2561 446 2626 000500
474 2561 532 2643 005,
563 2580 658 2642 quarn
675 2569 868 2640 receperunt
883 2559 1109 2640 Umplenbaoh
1125 2557 1342 2627 etDziatzho.

170 2689 243 2734 nam
269 2669 353 2750 quod
377 2668 493 2751 Syrum
519 2669 649 2735 domina
673 2687 708 2733 se
732 2685 805 2732 esse
828 2675 959 2732 auctum
984 2665 1091 2731 dicere
1114 2672 1223 2748 55505,
1247 2667 1343 2734 nimis

170 2775 362 2842 arcessitum
392 2777 533 2842 uidetur.
579 2775 661 2856 quod
690 2775 717 2841 si
749 2774 905 2840 traditum
930 2779 1028 2854 esset,
1052 2773 1198 2840 oodioum
1214 2773 1343 2841 ratione

171 2882 286 2948 habita
313 2882 454 2948 10555000
488 2889 680 2964 5050505550,
709 2881 765 2947 sed
790 2901 902 2963 parurn
929 2882 1098 2963 eleganter
1122 2879 1243 2946 dictum
1273 2900 1345 2946 esse

168 2991 413 3056 adnotaremus.
461 3011 557 3073 nuno,
581 3011 650 3057 oum
676 2990 820 3055 oodioum
845 2989 943 3055 leotio
964 3007 1092 3054 sensum
1117 2989 1275 3069 praebeat
1292 3008 1344 3071 op·

171 3098 296 3178 timrrm,
321 3099 398 3163 talis
422 3097 610 3163 0051005550
633 3098 799 3162 codicibus
822 3103 856 3161 et
876 3097 1066 3177 Eugraphio
1082 3095 1196 3162 inuitis
1212 3097 1345 3163 eondita

169 3211 257 3269 oerte
280 3223 524 3286 superuacanea
547 3212 607 3270 est.
656 3205 775 3286 optime
800 3203 886 3270 enirn
910 3202 1015 3268 teneri
1038 3208 1161 3284 potest:

179 3421 181 3425 v
870 3330 962 3401 Chr:
990 3331 1068 3402 8010
1096 3331 1181 3422 pald
1204 3332 1341 3421 feceris,

167 3447 357 3519 8005010051.
388 3448 479 3538 855·
507 3447 566 3519 Sic
600 3455 649 3520 005
672 3448 817 3537 (aotam,
842 3447 993 3518 0005100.
1017 3469 1096 3536 erpo
1119 3450 1345 3520 ermedramno

275 3571 398 3636 000500
426 3571 484 3636 005.

160 3680 231 3752 So:
286 3681 448 3752 04101150.

276 3814 358 3878 Nam
384 3815 486 3896 Syrus
510 3814 637 3880 etiamsi
662 3833 739 3880 uoce
754 3814 925 3880 summissa
941 3833 1048 3879 seeum
1068 3813 1220 3895 loquitur,
1237 3817 1342 3878 tamen

170 3920 330 3986 dominam
356 3929 518 4003 tamquam
544 3943 602 4004 per
626 3924 845 4005 apostrophen
874 3923 1040 4004 appellare
1063 3930 1182 4004 potest.
1223 3922 1284 3986 hoo
1307 3928 1344 3987 55

168 4029 346 4093 scribamus
371 4028 469 4094 etiam
493 4029 681 4112 Eugraphii
705 4030 903 4096 auctoritate
928 4048 1173 4109 commonemur,
1199 4047 1291 4110 quem
1310 4029 1343 4094 in

275 4274 301 4340 a)
321 4275 404 4328 Falsa
423 4275 512 4343 igitur
526 4276 666 4344 Spengelii
687 4277 829 4330 adnotatio
849 4283 892 4330 est
911 4279 989 4332 Andr
1007 4277 1061 4330 208
1080 4275 1151 4329 ‘erus
1169 4277 1207 4332 105
1219 4278 1267 4332 dor
1280 4292 1343 4332 arua

166 4365 264 4432 515500,
277 4363 451 4431 Ρο5ι555550,
464 4364 580 4418 walchen
594 4365 690 4420 Dauos
704 4366 896 4421 trabesoudere
910 4368 952 4421 ala
965 4367 1060 4420 seimon
1072 4368 1168 4422 Horra
1181 4366 1342 4433 5050005505,

174 4469 237 4506 enm
257 4469 324 4506 5050
344 4452 453 4508 dicendi
473 4453 510 4507 sit
528 4454 662 4522 uulgaris.
