3568 5294
886 561 1104 626 ..24-

403 762 635 844 interpolatum
670 758 758 824 infra
793 756 984 837 uidebimus
1020 755 1047 820 si
1082 752 1188 835 qualis
1222 752 1323 818 luerit
1359 749 1446 816 illius
1477 750 1576 815 iuter·

403 866 580 950 polatiouis
604 866 695 947 origo
721 861 1058 930 demonstrauerimus.

518 967 659 1033 Vidistis
690 976 726 1037 ut
755 976 821 1036 tam
852 970 949 1050 longe
985 968 1026 1033 ab
1060 966 1185 1032 obiecto
1209 965 1307 1046 absit,
1341 983 1413 1030 meu
1448 962 1574 1044 quidem

404 1080 568 1148 sententia
602 1078 674 1145 fieri
708 1096 770 1142 non
805 1081 926 1157 potest,
962 1074 1018 1138 seu
1055 1073 1279 1154 Kampmanno
1314 1089 1466 1136 assensus
1499 1074 1576 1134 ante

404 1181 464 1270 qui
483 1188 554 1247 tres
578 1183 761 1266 ponendum
786 1200 856 1248 esse
880 1199 1007 1260 censeo,
1031 1179 1117 1245 unde
1134 1196 1249 1243 uersus
1266 1177 1396 1243 exsistit
1420 1177 1576 1258 optimus:

463 1286 600 1354 uidistis
623 1285 685 1373 qm'
703 1291 773 1350 tres
796 1281 932 1349 duceret
953 1278 1189 1366 chlamydatos
1213 1300 1288 1344 cam
1313 1277 1515 1344 machaeris.

412 1394 564 1472 Vidistis,
588 1418 651 1464 non
675 1391 796 1458 uidisti
820 1393 1028 1462 scribendum
1059 1411 1130 1458 esse
1162 1411 1202 1457 ex
1230 1391 1428 1473 piscatorum
1451 1384 1578 1449 scimus

406 1506 622 1586 cognoscitur.
652 1503 707 1570 sed
720 1503 797 1586 quid
811 1501 893 1567 illud
905 1495 981 1562 seni
993 1499 1056 1565 sibi
1069 1500 1177 1580 uellet,
1195 1499 1279 1580 quud
1293 1494 1393 1564 ΒΟΙ)1
1406 1498 1575 1579 praebent,

406 1633 499 1680 tremo
523 1613 629 1679 adlutc
652 1616 741 1677 recte
764 1607 1016 1688 demonstrauit3
1045 1599 1281 1666 semihomines
1309 1604 1389 1669 illud
1414 1602 1577 1686 peperisse

406 1715 483 1782 sem‘
508 1739 572 1787 uon
602 1719 672 1784 sine
696 1717 848 1784 ueritatis
877 1714 983 1796 specie
1010 1713 1190 1780 Schoellius
1213 1711 1233 1777 1.
1263 1712 1283 1776 l.
1309 1709 1489 1789 contendit,
1521 1710 1578 1774 sed

406 1827 487 1892 haec
510 1825 721 1907 interpolatio
747 1821 901 1903 quomodo
932 1826 1005 1886 orta
1029 1821 1083 1901 sit,
1115 1819 1165 1885 uir
1195 1818 1251 1883 iile
1275 1817 1481 1884 doctissimus
1514 1835 1576 1882 non

406 1932 620 1998 demonstrat.
643 1929 749 1996 omnia
773 1947 869 2010 spero
894 1928 984 1993 clara
1007 1926 1076 1992 fore
1099 1925 1127 1991 si
1150 1925 1387 2007 scripserimus:

463 2039 502 2099 ut
509 2032 716 2119 piscatorem
733 2035 912 2117 aequomst
915 2028 1019 2115 same
1033 2027 1155 2114 sitique
1169 2035 1297 2114 speque.
1338 2024 1414 2092 TR:
1429 2024 1578 2114 Ecquem

462 2138 526 2206 hm
556 2137 638 2204 dum
668 2136 720 2202 hic
750 2136 875 2202 astatis
900 2141 1041 2200 strmua
1065 2133 1163 2220 sacie
1195 2131 1418 2199 rubicundum
1443 2133 1576 2220 sortem

466 2246 603 2312 uidistis
627 2245 689 2332 qm'
708 2251 779 2318 tres
801 2243 938 2309 duceret
959 2240 1195 2328 chlamydatos
1218 2262 1293 2306 cum
1315 2239 1533 2306 machaeris?

514 2350 773 2419 Adulescentem
796 2356 881 2423 enim
913 2356 1075 2436 glossema
1109 2373 1181 2420 esse
1207 2353 1361 2435 suspicor,
1392 2353 1470 2418 item
1501 2342 1579 2432 secte

407 2459 511 2542 (scm')
526 2463 559 2530 in
574 2463 723 2544 margine
735 2461 857 2528 codicis
871 2461 1043 2542 archetypi
1053 2459 1262 2541 adscriptum,
1278 2459 1364 2525 unde
1372 2479 1428 2540 per
1438 2480 1578 2527 errorem

408 2571 536 2638 librarii
575 2572 608 2636 in
648 2577 772 2637 textum
810 2569 948 2635 uenisse.
1011 2567 1086 2633 addi
1129 2569 1208 2633 ltaec
1247 2566 1446 2648 glossemata
1481 2567 1579 2634 facile

407 2685 596 2762 potueruut,
620 2685 665 2760 ut,
690 2677 762 2758 quis
787 2685 872 2743 esset
887 2675 943 2741 ille
960 2674 1167 2756 rubicundus,
1190 2673 1303 2740 statim
1327 2681 1579 2753 cognosceretur

409 2820 449 2829 —
467 2805 566 2867 saepe
590 2784 676 2851 euim
693 2782 900 2863 Plesidippus
921 2775 1119 2841 adulescens
1135 2779 1322 2846 nominatur
1338 2780 1370 2844 in
1386 2799 1578 2846 scaenarum

408 2892 535 2975 titulis,
575 2892 611 2957 cf
637 2910 668 2956 u.
700 2887 761 2973 89,
792 2885 874 2970 839,
899 2884 986 2952 1265
1016 2920 1056 2931 —
1086 2894 1119 2951 et
1142 2887 1215 2968 quis
1239 2886 1325 2952 alter
1349 2893 1436 2952 esset
1460 2907 1491 2953 u.
1515 2886 1579 2955 316

407 2992 557 3082 Ecquem
580 2996 735 3075 (secem).
774 2994 868 3061 huius
891 2993 1098 3075 glossematis
1113 2992 1287 3074 uestigium
1315 2999 1365 3059 111
1387 2989 1470 3066 sem',
1494 2996 1580 3076 quod

407 3105 567 3187 superiori
591 3104 703 3171 uersui
722 3104 883 3170 adnexum
909 3120 993 3168 nunc
1016 3109 1091 3183 post
1110 3095 1231 3162 aedisti
1251 3109 1372 3167 exstat.
1411 3109 1581 3183 praeterea

408 3212 507 3278 etiam
527 3211 570 3276 ad
595 3214 665 3272 tres
685 3211 848 3290 glossema
881 3209 1027 3276 additum
1061 3208 1162 3274 luisse
1192 3202 1344 3270 laomiites
1377 3210 1448 3275 ueri
1478 3209 1581 3276 simile

407 3325 476 3401 est;
513 3317 589 3383 inde
619 3320 660 3384 ab
690 3319 759 3382 eius
783 3317 916 3399 codicis
943 3336 1037 3398 quern
1061 3315 1239 3382 Lambinus
1263 3317 1423 3399 adhibuit,
1445 3317 1580 3382 librario

407 3426 439 3490 11
473 3431 600 3492 textum
632 3430 794 3506 receptum
825 3431 887 3508 est,
917 3443 988 3491 cum
1022 3425 1087 3491 alio
1116 3425 1313 3506 glossemate
1336 3420 1412 3485 sem
1432 3425 1580 3491 coniunc-

407 3538 485 3598 tum.
528 3532 587 3598 sed
618 3550 688 3597 cum
719 3526 948 3593 sentiomims
980 3534 1172 3599 uocabulum
1203 3552 1264 3598 non
1296 3537 1452 3613 exstaret,
1483 3533 1582 3598 libra·

408 3638 476 3705 rius
492 3639 549 3706 ille
571 3632 808 3700 semilommes
823 3639 967 3723 scripsit,
992 3640 1089 3722 quod,
1109 3638 1238 3706 etiamsi
1252 3657 1381 3706 sensum
1402 3658 1464 3704 non
1489 3659 1581 3721 prae-

407 3747 474 3828 bet,
498 3751 608 3812 111111
633 3745 758 3840 aliquid
781 3745 957 3827 significat.

515 3852 632 3919 Omnia
654 3853 759 3936 igitur
792 3853 875 3920 uitia
907 3853 1063 3936 quomodo
1097 3862 1172 3920 orta
1200 3853 1279 3937 sint,
1313 3853 1424 3920 eadem
1455 3853 1582 3920 ratione

408 3961 507 4027 facile
543 3960 797 4027 demonstratur:
839 3962 1048 4042 glossematis
1085 3960 1271 4042 adscriptis,
1310 3959 1460 4027 uersibus
1498 3960 1581 4027 falso

408 4067 588 4156 distinctis
621 4067 729 4134 uerbis
776 4068 933 4134 extremis
972 4068 1015 4134 ad
1052 4068 1161 4134 aliena
1198 4063 1392 4148 deductis*).
1458 4066 1581 4134 hiatum

514 4241 538 4308 *l
558 4244 631 4296 Dum
645 4242 774 4312 plagulas
790 4241 907 4310 corrigo,
926 4241 1123 4296 Gundermann
1143 4241 1177 4294 de
1189 4242 1252 4296 Rucl
1271 4241 1323 4295 312
1342 4240 1389 4309 agi
1402 4239 1430 4294 in
1443 4241 1518 4295 Berl.
1536 4242 1581 4309 ph.

408 4331 503 4386 Woch.
524 4330 620 4397 17,543
635 4347 677 4386 me
692 4332 806 4386 monuit.
823 4335 898 4384 certe
908 4329 996 4400 salsa
1015 4329 1105 4399 ipsum
1121 4346 1229 4398 quoque
1249 4335 1292 4384 est
1310 4331 1455 4400 glossema.
1467 4330 1581 4384 -idem

406 4419 609 4476 semihomines
620 4437 653 4474 ex
663 4418 823 4476 shomims
842 4419 977 4489 (s.=scil.
990 4424 1018 4473 11
1027 4420 1128 4489 semis)
1137 4418 1261 4490 potuisse
1271 4420 1348 4476 uesci
1359 4419 1425 4474 mihi
1435 4419 1583 4492 persuasit.
