3568 5294
676 571 894 642 ..23-

306 768 343 825 ut
363 760 569 846 piscatorem
603 765 783 846 aequumst
803 759 907 845 same
936 762 1067 848 sitique.
1123 761 1154 827 T
1149 761 1201 828 R:
1224 761 1374 850 Ecquem

520 867 763 935 adulescentem

199 980 330 1062 probari
362 999 426 1045 non
462 986 581 1060 potest.
628 998 701 1044 nam
734 979 870 1060 primum
895 983 1018 1062 speque
1047 980 1128 1046 satis
1157 1000 1275 1062 magna
1303 1000 1373 1046 euni

199 1085 232 1152 ui
257 1085 397 1151 deletum
423 1092 484 1167 est,
508 1103 699 1165 quamquam
720 1087 836 1150 bonrum
862 1105 942 1152 sane
966 1105 1095 1153 sensum
1120 1089 1258 1169 praebet
1281 1087 1374 1154 mini-

199 1212 321 1274 meque,
346 1192 430 1274 quod
455 1191 603 1257 nonnulli
626 1192 796 1274 putabant,
821 1192 967 1275 ineptum
992 1201 1053 1276 est,
1082 1196 1121 1277 si,
1146 1195 1223 1276 quid
1248 1200 1375 1261 ueteres

200 1300 378 1382 cogitarim
402 1299 442 1365 de
462 1318 528 1381 spe,
554 1298 877 1365 consideraberimus.
919 1320 1022 1381 neque
1046 1301 1129 1366 enim
1155 1307 1190 1368 ut
1214 1301 1299 1383 apud
1317 1321 1375 1366 nos

200 1410 284 1474 bona
308 1406 370 1472 dea
390 1412 450 1486 est,
474 1425 558 1487 quae
575 1406 720 1471 homiues
743 1405 878 1472 miseros
895 1408 1091 1489 consolatur,
1113 1408 1167 1474 sed
1189 1404 1273 1489 κενεὴ
1292 1405 1376 1467 eluto

200 1510 290 1594 (Hes.
312 1514 372 1594 Op.
389 1509 468 1592 498)
493 1521 532 1578 et·
549 1509 670 1594 ἀναιῧήσ
687 1509 798 1593 (Pind.
830 1513 910 1580 Nein
930 1513 982 1595 11,
1003 1512 1275 1594 abominatur.
1311 1535 1374 1580 om·

200 1621 295 1686 nibus
319 1626 415 1685 nolus
440 1626 489 1684 est
514 1620 610 1702 Sopb.
636 1619 689 1685 Αἰ.
714 1617 779 1686 477

309 1723 360 1784 οὐκ
385 1723 419 1783 ἂν
443 1723 580 1808 πριαίμην
605 1721 723 1784 adderis
751 1722 840 1805 liquo
870 1722 984 1810 βροτὸν,

307 1831 387 1891 ὃστισ
410 1836 532 1891 κεναῖσιν
556 1829 665 1891 ἐλπίσιν
688 1830 886 1915 θερμαίνεται.

201 1941 254 2007 ef..
279 1939 411 2006 Stobaei
437 1939 552 2005 blond.
578 1937 643 2004 110
667 1945 700 2004 et
726 1937 799 2020 111,
825 1939 983 2022 imprimis
1009 1940 1082 2025 110,
1110 1942 1150 2009 14

307 2044 392 2106 ἐλπὶσ
415 2044 468 2130 quiq
492 2044 511 2127 ἡ
537 2041 681 2125 βόσκουσα
704 2040 774 2105 todo
797 2042 929 2106 πσλλοὺσ
959 2043 1073 2131 βροτῶν
1097 2056 1129 2116 et
1153 2052 1191 2116 L,
1217 2051 1375 2132 Schmidt,

200 2148 304 2216 Ettu'k
326 2149 389 2214 der
412 2148 502 2213 atteu
531 2146 693 2214 Grrecleeu
710 2156 754 2236 II,
781 2153 833 2220 69.
874 2155 1054 2236 piscatores
1078 2156 1181 2239 igitur
1206 2158 1289 2224 tarne
1305 2159 1375 2225 siti-

201 2282 263 2342 que
287 2280 408 2344 speque
439 2260 527 2326 uesoi
560 2259 680 2342 optime
714 2280 772 2342 per
804 2261 908 2328 ioelum
942 2262 1006 2327 dici
1038 2270 1158 2345 potest.
1205 2271 1376 2346 praeterea

201 2369 358 2451 quomodo
382 2371 506 2450 speque
534 2367 716 2433 intextum
751 2368 923 2450 irrepsisse
956 2369 1226 2436 demonstrabunt
1250 2371 1290 2452 ei,
1321 2371 1376 2452 qui

200 2476 369 2542 delendum
396 2494 465 2540 osse
494 2475 573 2540 illud
601 2475 792 2540 uocabulum
824 2475 981 2541 obiisent?
1027 2477 1155 2542 aceedit
1183 2479 1267 2558 quod
1299 2478 1376 2544 adu-

201 2583 353 2650 lescentis
380 2600 488 2647 uooem
514 2581 601 2646 nullo
625 2581 690 2646 alio
707 2581 775 2647 loeo
793 2581 946 2648 Plautino
972 2601 1086 2649 uersus
1110 2583 1204 2649 finem
1227 2584 1376 2650 oblinere

201 2691 355 2756 uidimus:
381 2689 424 2754 ibi
449 2688 476 2754 si
500 2689 656 2754 traditum
679 2695 776 2768 esset,
801 2687 900 2754 facile
917 2695 1113 2772 pateremur,
1138 2691 1195 2755 sed
1212 2690 1375 2756 codicibus

201 2798 313 2864 inuitis
336 2799 367 2862 ln
403 2815 518 2862 uersus
547 2796 692 2862 clausula
722 2795 798 2877 poni
830 2795 960 2862 omnino
991 2815 1053 2862 non
1087 2797 1191 2863 debet.
1240 2797 1375 2863 eandem

201 2907 241 2970 ob
271 2924 399 2970 oausam
425 2903 565 2969 Solroelli
597 2902 787 2968 coniectura
818 2902 1030 2984 improbanda
1055 2909 1116 2983 est,
1146 2909 1374 2986 praeterquam

201 3014 285 3095 quod
310 3007 460 3094 alguque
484 3015 521 3076 ut
544 3010 700 3076 addamus
726 3010 814 3074 nulla
845 3029 944 3075 eausa
972 3011 1054 3075 satis
1078 3010 1174 3091 graui
1199 3028 1376 3078 commoue-

202 3139 272 3186 mur
296 3126 327 3184 et
353 3117 533 3184 Selroellius
562 3117 663 3183 nihilo
692 3117 798 3182 minus
828 3115 904 3197 quIn
927 3116 1076 3183 lacunam
1108 3123 1235 3184 statuat
1266 3117 1375 3184 faeere

201 3247 263 3293 non
286 3231 404 3309 potest.
453 3226 565 3291 deesse
591 3224 714 3306 aliquid
742 3225 774 3289 in
801 3224 966 3310 codicibus
996 3225 1095 3290 etiarn
1120 3224 1178 3290 alii
1200 3224 1374 3306 putabant,

201 3355 271 3401 eum
285 3353 432 3400 {uersuum
452 3325 495 3393 Vt
503 3328 710 3414 piscatorem
726 3337 758 3397 et
771 3325 820 3391 Ec
836 3348 934 3413 quem
949 3331 1046 3397 inilia
1058 3353 1077 3396 a
1091 3331 1238 3412 margine
1251 3337 1376 3398 remota

201 3442 277 3507 sint.
302 3441 359 3506 sed
388 3440 486 3506 etiam
511 3458 660 3505 uersuum
693 3432 834 3500 Nullum
865 3446 899 3504 et
936 3456 970 3499 ec
1002 3455 1101 3521 quem
1123 3438 1220 3504 initia
1250 3443 1375 3504 remota

202 3554 286 3630 sunt,
318 3566 396 3628 quos
429 3566 562 3628 prorsus
591 3547 737 3629 integros
773 3564 844 3612 esse
874 3565 967 3612 rremo
1004 3545 1148 3627 negabit.
1201 3565 1296 3628 quam
1333 3547 1373 3610 ob

202 3676 267 3722 rem
292 3648 538 3726 seuu'tzommes,
569 3653 653 3735 quod
679 3659 752 3735 post
774 3648 835 3734 qui
855 3654 925 3713 tres
948 3652 1121 3719 nonnullos
1145 3671 1185 3718 ex
1208 3652 1374 3718 treberibus

202 3762 296 3829 libris
327 3761 504 3827 tradidisse
528 3761 705 3827 Lambinus
736 3760 917 3840 aduolauit,
949 3765 1071 3841 utrum,
1099 3760 1190 3840 ¹quod
1214 3759 1373 3825 Soboellio

202 3866 317 3952 (praet.
344 3865 480 3946 XXIII)
506 3867 691 3950 uidebatur,
716 3867 861 3948 ineptum
886 3866 930 3932 sit
954 3872 987 3932 et
1010 3866 1255 3948 interpolationi
1278 3866 1374 3932 debe·

201 3984 290 4058 atur,
321 3994 373 4055 an,
405 3980 441 4039 ut
463 3974 521 4040 alii
545 3979 675 4056 putant,
700 3973 874 4055 uestigium
898 3973 943 4039 sit
966 3974 1067 4040 solum
1092 3992 1192 4039 uerae
1214 3973 1372 4055 lectionis

201 4085 286 4150 unda
315 4099 427 4143 secum
455 4075 606 4142 tromims
636 4081 913 4147 Mitselrerliobius
947 4081 1097 4162 coniecit,
1125 4099 1210 4146 nune
1243 4078 1372 4161 quidem

202 4188 428 4255 difficillimum
454 4194 504 4254 est
526 4187 717 4254 diiudicata.
754 4186 1005 4254 Mitsoberliebii
1029 4186 1248 4253 coniecturam
1273 4185 1371 4252 etiam

202 4294 305 4361 Goetz
330 4300 363 4360 et
380 4295 508 4360 Solroell
532 4294 565 4360 in
590 4295 667 4361 edit.
691 4293 765 4360 min.
792 4300 827 4360 et
843 4295 910 4359 Leo
936 4298 1137 4374 receperunt.
1169 4293 1227 4359 sed
1243 4293 1371 4358 Seboel·

202 4402 279 4468 lium
305 4399 414 4484 (praef
430 4396 563 4481 XXIII)
579 4409 668 4466 reete
690 4400 862 4483 ludioassa
883 4393 1119 4461 semihomines
1140 4417 1175 4463 re
1198 4418 1277 4466 uera
1301 4417 1372 4465 esse
