3568 5294
664 589 881 657 -11-

191 791 247 857 sed
272 790 357 872 apud
381 794 497 871 poetas
514 786 659 870 tragicos
681 787 806 852 semei
825 787 1049 852 tautummodo
1066 786 1097 852 iu
1116 786 1254 853 Pacuuii
1271 787 1362 867 frag·

190 899 325 981 meotis3
349 917 452 977 neque
480 901 589 961 tamen
615 913 689 960 uum
716 895 771 959 ille
795 914 910 960 uersus
933 893 1124 973 tragoediae
1152 915 1189 960 re
1211 913 1292 960 uera
1310 895 1363 976 sit,

190 1007 271 1070 satis
294 1011 443 1086 constat;
469 1024 542 1068 uam
559 1003 629 1069 siue
651 1003 782 1068 fabulae
799 1003 927 1068 nomme
944 1002 1077 1067 citatum
1092 1001 1219 1084 Niptris
1235 1009 1364 1084 tragoe-

190 1114 263 1178 diae
288 1112 398 1178 Delrio
424 1111 586 1176 attribuit.

191 1291 340 1357 similiter
374 1291 483 1357 iilia
507 1290 592 1372 apud
616 1290 768 1356 Plautum
794 1295 903 1356 exstat
1244 1286 1363 1355 rabies

190 1400 273 1481 apud
301 1397 488 1464 Terentium
1264 1394 1306 1461 42
1333 1447 1347 1477 ,‚

190 1506 275 1587 apud
300 1511 426 1570 ceteros
449 1509 563 1586 poetas
588 1504 725 1570 comicos
1283 1501 1304 1568 2
1332 1550 1345 1579 „

190 1615 223 1678 in
254 1614 408 1679 omnium¹
425 1612 528 1694 igitur
553 1613 745 1678 comicorum
770 1617 936 1694 poetarum
961 1609 1110 1691 reliquiis
1242 1606 1306 1674 183
1332 1657 1345 1685 η

190 1720 246 1784 secl
272 1720 304 1785 iu
329 1721 527 1801 tragicorum
553 1719 699 1800 reliquiis
1283 1715 1303 1781 4
1332 1764 1345 1793 „

190 1832 333 1906 gnatus
357 1847 434 1893 uero
458 1827 544 1908 apud
568 1827 718 1892 Plautum
744 1831 854 1892 exstat
1261 1821 1304 1889 76
1332 1871 1345 1900 „

189 1933 275 2015 apud
298 1933 484 1999 Terentium
1261 1928 1305 1995 52
1330 1977 1343 2007 η

189 2041 276 2122 apud
300 2046 426 2106 ceteros
449 2045 563 2121 poetas
588 2040 727 2106 comicos
1283 2036 1303 2102 3
1330 2085 1343 2114 „

190 2148 221 2212 iu
253 2148 393 2213 omnium
421 2147 523 2229 igitur
548 2147 741 2212 comicorum
768 2152 932 2228 poetarum
960 2145 1107 2225 reliquiis
1239 2138 1342 2230 132i„

190 2256 245 2320 sed
270 2255 304 2321 in
329 2255 528 2334 tragicorum
554 2261 721 2335 poetarum
747 2253 893 2334 reliquiis
1262 2251 1303 2317 16

190 2369 224 2427 et
248 2369 377 2442 gnata
398 2363 484 2442 apud
508 2363 660 2427 Plautum
685 2367 796 2426 exstat
1260 2357 1303 2423 32
1330 2406 1344 2436 „

189 2471 275 2551 apud
300 2470 487 2536 Terentium
1262 2462 1303 2530 19
1329 2511 1342 2541 ῃ

190 2578 275 2659 apud
300 2583 424 2643 ceteros
447 2583 561 2658 poetas
587 2575 723 2641 comicos
1282 2571 1301 2636 3
1331 2618 1345 2648 „

190 2685 222 2749 iu
249 2685 386 2750 omnium
414 2684 516 2764 igitur
539 2691 707 2764 poetarum
734 2681 1096 2760 comicorurn.r·eliquiis
1259 2676 1302 2742 54
1330 2729 1344 2759 ,‚

189 2792 247 2856 sed
272 2791 357 2872 apud
381 2796 495 2873 poetas
520 2791 665 2872 tragicos
1283 2784 1302 2851 7
1330 2831 1343 2861 „

297 2971 414 3050 Itaque
439 2969 466 3034 si
496 2969 602 3034 omnia
623 2969 777 3048 colligere
805 2967 892 3049 licet,
917 2967 1080 3034 crebritas
1104 2964 1254 3032 uocabuli
1281 2962 1362 3027 filii

190 3077 230 3142 ac
256 3077 406 3142 uocabuii
430 3076 541 3158 gnati
566 3075 773 3141 crebritatem

189 3220 275 3302 apud
299 3221 451 3286 Plautum
1115 3213 1194 3280 ut3
1254 3213 1294 3279 ad
1342 3209 1360 3277 1

189 3326 275 3409 apud
300 3326 491 3392 Terentium
1130 3369 1144 3400 „
1177 3320 1225 3400 1,5
1266 3367 1279 3398 „
1344 3318 1358 3385 1

189 3434 276 3515 apud
294 3439 421 3499 ceteros
436 3439 551 3515 poetas
568 3433 704 3499 comicos
1131 3481 1146 3508 ,,
1173 3422 1227 3510 215
1267 3473 1281 3504 η
1343 3425 1359 3490 1

190 3543 276 3623 apud
299 3560 407 3606 omues
432 3547 544 3622 poetas
566 3539 705 3605 comicos
1132 3533 1226 3616 ,,2,4
1267 3581 1280 3610 „
1343 3531 1359 3596 1

83 3635 85 3640 ’
191 3649 248 3714 sed
273 3648 357 3729 apud
381 3652 495 3729 poetas
519 3648 663 3729 tragicos
1133 3639 1193 3719 „1
1278 3637 1361 3717 „16

190 3835 224 3893 et
248 3827 410 3893 crebritas
433 3826 582 3891 uocabuli
607 3825 723 3890 filiae
745 3826 787 3891 ad
810 3833 954 3906 gnatae
979 3823 1128 3891 uocabuii
1151 3819 1361 3886 crebritatem

190 3972 276 4053 apud
298 3970 450 4035 Plautum
1084 3971 1121 4031 ut
1143 3962 1195 4042 4,3
1221 3962 1262 4027 ad
1288 3960 1305 4026 1

190 4077 276 4159 apud
301 4075 490 4142 Terentium
1089 4126 1104 4157 „
1130 4070 1185 4155 2,2
1227 4122 1242 4152 ,,
1285 4069 1301 4135 1

190 4185 277 4266 apud
294 4191 420 4250 ceteros
442 4189 556 4264 poetas
581 4185 720 4249 comicos
1090 4181 1151 4261 „1
1227 4228 1242 4257 „
1284 4175 1346 4256 1,ὃ,

190 4293 274 4372 apud
300 4310 408 4356 omues
431 4295 545 4372 poetas
569 4277 708 4356 comicos
1089 4287 1174 4377 „354
1225 4339 1239 4370 „
1283 4294 1298 4357 1

191 4399 247 4463 sed
272 4397 357 4482 apud
383 4403 496 4480 poetas
521 4397 665 4481 tragicos
979 4427 984 4436 ·
1092 4397 1151 4478 „1
1226 4450 1241 4480 „
1289 4399 1361 4481 1‚75
