3568 5294
675 585 891 654 „45-

195 785 309 867 eligat,
334 793 441 851 utrum
469 785 549 851 uelit
573 786 593 852 i.
619 807 646 852 e.
672 792 777 853 utrum
803 787 951 852 abdicari
975 794 1009 853 et
1033 787 1216 855 hereditate
1240 790 1369 857 excludi

194 895 288 961 malit
311 915 351 961 an
378 915 510 960 uxorem
536 895 665 960 ducere.
714 888 766 978 [de
789 889 894 959 intmo
922 895 1105 977 particulae
1134 895 1166 962 ui
1195 902 1228 962 et
1252 916 1312 964 usu
1336 895 1372 962 cf
1472 893 1474 897 ’

194 994 391 1075 Stowasser,
421 993 554 1059 Wiener
584 993 720 1059 Studien
758 994 835 1074 XII,
866 987 954 1076 153}
1002 994 1173 1061 Sostratae
1201 1004 1309 1062 autem
1339 995 1368 1060 si

191 1101 400 1167 attribuimus
421 1094 528 1184 peril,
560 1101 680 1182 optime
703 1101 810 1168 omnia
835 1102 1041 1168 conueniunt.
1067 1122 1139 1168 nam
1162 1103 1274 1169 statim
1292 1103 1367 1170 duc·

192 1217 298 1274 turum
324 1227 359 1274 se
383 1227 452 1274 esse
469 1208 569 1274 filium
588 1209 697 1274 «licere
718 1215 803 1290 rata,
827 1229 896 1275 cum
914 1209 967 1274 hic
986 1210 1063 1290 qnid
1077 1211 1180 1277 iaciat
1197 1211 1365 1278 etiamtum

191 1316 328 1397 dubitet,
347 1309 443 1399 perii
471 1317 553 1381 bene
577 1315 686 1382 dicere
701 1322 819 1399 potest.
868 1325 1051 1399 praeterea,
1072 1319 1099 1383 si
1116 1317 1258 1400 Clitipho
1269 1311 1366 1402 perdi

189 1432 336 1513 dixisset,
361 1453 401 1498 ue
426 1433 505 1498 illud
532 1432 657 1513 quidem
680 1425 786 1515 furiet
813 1426 930 1498 omniu
954 1435 1107 1500 Sostrata
1123 1435 1363 1517 dicerepotuit.

188 1541 329 1622 Clitipho
353 1552 472 1638 autem
492 1541 619 1606 interea
643 1540 799 1606 dubitans
831 1547 864 1606 et
891 1560 996 1606 secum
1028 1542 1240 1609 considerans
1269 1563 1364 1610 uersu

187 1650 313 1715 demum
340 1647 425 1715 1059
446 1641 576 1730 fuciunt
600 1649 706 1731 puter
735 1647 823 1730 patri
849 1648 1035 1731 respondet.

566 1900 597 1968 3.
623 1903 773 1969 Pltorm
800 1901 864 1970 759
890 1922 920 1984 q.
946 1922 972 1969 s

292 2019 328 2083 ln
355 2019 464 2084 codice
489 2020 644 2084 Bembiuo
668 2020 894 2101 antiquissimo
919 2020 1076 2102 scriptum
1101 2020 1267 2086 uidemus:

922 2169 927 2184 ·
1016 2155 1143 2246 offendi
1171 2157 1363 2254 adueniens

188 2274 340 2360 erocnrn
368 2273 520 2345 uolebam
548 2280 579 2345 et
606 2280 644 2345 ut
671 2273 824 2344 notatam
844 2273 1051 2344 conlocutum
1070 2273 1195 2344 minori.

187 2390 284 2476 Quod
298 2413 358 2461 nos
372 2392 467 2461 orrrbo
482 2413 580 2480 opera
595 2390 747 2461 raum-imo
761 2390 928 2461 (luliornns
938 2412 1077 2480 opernm
1093 2396 1131 2461 ui
1143 2388 1251 2478 deret,

182 2505 265 2578 Sine
293 2514 410 2579 nostru
439 2531 525 2578 curn
554 2507 709 2578 rrrfumimo
732 2530 797 2578 sno
823 2530 908 2577 runnu
936 2507 1027 2577 sottus
1052 2506 1143 2594 fecit.

182 2633 284 2698 ceteri
301 2633 428 2698 codices
446 2631 478 2698 iu
497 2652 593 2698 uersu
610 2629 675 2697 759
698 2651 807 2696 omues
825 2614 982 2712 praebent
1013 2623 1206 2695 collocaram
1228 2623 1355 2713 tilium·

183 2741 316 2806 eandem
362 2740 533 2805 lectionem
575 2739 764 2805 Priscianus
802 2738 959 2819 sequitur.
1028 2738 1238 2819 Eugraplrius
1284 2757 1360 2803 uero

182 2866 253 2913 cum
278 2848 311 2913 iu
337 2847 567 2913 commentario
597 2848 772 2913 adnotaret
795 2841 892 2910 rrtodo
919 2839 1042 2910 inueni
1067 2837 1178 2927 didono
1212 2861 1289 2909 crrrn
1326 2861 1362 2908 eo

182 2965 327 3048 nrrptonr
356 2981 434 3028 curn
462 2981 527 3047 pun
564 2979 634 3028 esse
669 2956 856 3047 cupiebant,
893 2962 924 3027 et
950 2977 1026 3026 curn
1049 2954 1160 3043 didici,
1191 2962 1359 3027 lectionem

184 3072 337 3138 imbuisse
355 3072 486 3137 uidetur
506 3079 563 3136 aut
587 3071 707 3135 codicis
729 3068 1092 3136 Aautlruiussimilem.
1123 3068 1360 3151 Calliopiauam

183 3179 405 3245 recensionem
424 3185 556 3243 secutus
572 3177 741 3243 Bentleius
757 3177 824 3242 leni
847 3197 926 3242 sane
943 3175 1142 3258 corriectnra,
1168 3185 1203 3243 ut
1230 3175 1360 3257 legibus

183 3288 329 3352 metricis
353 3288 559 3370 satisfieret,
583 3286 717 3368 scripsit
742 3277 852 3367 filiurn
890 3277 1043 3348 locuturo.
1083 3283 1358 3366 Umpienbaclrius

184 3410 318 3471 uernat
344 3403 507 3469 Duiatuko
534 3405 655 3469 Faerni
672 3401 890 3467 coniecturam
909 3408 1120 3482 receperunt:
1165 3393 1358 3464 collocaram

181 3527 333 3607 quntum.
392 3522 448 3590 setl
473 3529 538 3586 tam
564 3538 681 3602 aspere
705 3518 848 3598 (luceque
873 3517 1063 3582 Terentium
1082 3525 1208 3598 poetam
1227 3517 1358 3598 elegan-

185 3642 343 3706 tissimum
370 3658 496 3705 uersum
523 3635 719 3702 conclusisse
737 3653 829 3698 nemo
846 3633 924 3698 mibi
941 3633 1160 3715 persuadebit.
1186 3638 1358 3713 praeterea

184 3751 238 3830 qui
275 3749 345 3815 lieri
383 3747 528 3830 potuisse
566 3750 731 3826 putamus,
764 3748 801 3807 ut
838 3759 896 3821 pro
929 3747 1051 3820 gnatae
1085 3740 1243 3806 uocabulo
1275 3739 1357 3804 satis

184 3867 307 3931 usitato
341 3861 390 3945 (cl
420 3884 439 3944 p
478 3860 519 3928 13
553 3881 573 3943 q
607 3856 636 3940 s)
670 3858 824 3925 librarius
852 3855 1014 3922 scriberet
1034 3848 1171 3938 filiuni?
1212 3857 1357 3936 Wagner
1438 3869 1442 3876 ·

185 3973 332 4038 Bentleio
357 3989 512 4037 assensus
537 3976 597 4050 est,
619 3967 702 4048 qrrod
720 3963 902 4030 collocandi
925 3965 1059 4030 uerbum
1084 3965 1173 4030 nullo
1198 3964 1262 4029 alio
1287 3964 1355 4027 loco

185 4080 384 4145 'terentiano
409 4076 624 4142 inueniretur.
653 4092 757 4154 neque
781 4079 888 4136 tumen
907 4072 1033 4137 locandi
1049 4074 1182 4138 uerbum
1202 4071 1356 4152 frequens

185 4202 244 4277 est,
269 4195 324 4260 scd
349 4200 385 4260 ut
409 4192 612 4273 significetur
639 4182 868 4267 cathedralem,
918 4209 1044 4272 semper
1084 4188 1152 4253 iere
1195 4198 1228 4251 et
1269 4186 1356 4267 apud

184 4311 371 4376 'Ferentium
397 4316 431 4373 et
455 4307 538 4389 apnrl
565 4308 717 4372 Plautum
742 4306 919 4384 usurpatur

185 4424 241 4484 aut
266 4437 419 4483 rtxorem
446 4415 538 4479 dare
