3568 5294
882 556 1100 626 *16-

512 754 591 821 Triu
621 753 704 821 1180
728 754 916 823 Chaminos
941 755 996 822 (lin
1019 755 1248 838 peregrinatus
1284 761 1316 822 et
1338 773 1425 820 nunc
1453 753 1579 819 demum

404 862 530 928 (lonium
563 880 715 927 reuersus
738 861 805 927 filio
839 881 856 924 o
884 867 974 942 poter
1003 863 1048 926 lai
1076 861 1164 926 solue
1197 863 1361 928 salutante
1393 861 1462 942 ipsc
1494 861 1580 923 solue

403 969 538 1032 multtum
561 968 668 1049 inquit
687 971 780 1048 puoto
802 969 855 1031 roi.

513 1111 623 1178 Etiam
648 1111 717 1176 Hec
739 1109 805 1177 352
829 1109 887 1175 so.-
926 1131 942 1174 ο
971 1113 1015 1174 nri
1042 1112 1154 1192 ponte!
1192 1110 1334 1193 Paneph:
1373 1131 1441 1174 rocco
1468 1114 1580 1184 utatur,

403 1219 500 1287 solue.
547 1215 605 1282 so.-
627 1217 748 1298 pendeo
770 1219 890 1282 neolssc
913 1219 1046 1282 salucra.
1098 1225 1130 1285 et
1154 1220 1225 1285 Hec
1248 1217 1313 1286 456
1338 1217 1404 1282 Po:
1428 1217 1517 1282 salure
1539 1219 1583 1280 ml

398 1330 505 1406 puter.
524 1325 591 1389 Lu:
614 1329 707 1406 ponte
721 1327 776 1405 ml,
797 1324 884 1389 solue
905 1326 1026 1393 blanda
1049 1333 1082 1392 et
1098 1327 1218 1392 amoris
1241 1327 1337 1410 plena
1354 1331 1405 1392 est
1428 1325 1582 1392 allocutio

407 1433 448 1500 ad
472 1433 573 1500 filiunt
598 1451 776 1500 reuersum.

515 1567 690 1635 Asinariae
713 1567 804 1650 looiS,
819 1587 899 1650 qnos
915 1587 1017 1650 supra
1038 1568 1368 1647 commemorantum,
1386 1575 1481 1650 pater
1496 1568 1584 1633 blan·

408 1675 500 1741 (litiis
527 1674 628 1741 filium
646 1675 709 1740 sibi
728 1674 962 1742 conciliaturus
978 1680 1046 1757 est;
1072 1676 1329 1742 similiter'Mcrc
1345 1674 1410 1742 367
1428 1675 1585 1756 Demipho

410 1788 444 1848 et
469 1783 568 1849 filium
591 1782 767 1848 conciliare
792 1788 825 1847 et
849 1803 972 1849 omnem
989 1783 1202 1870 suspicionem
1220 1803 1241 1850 a
1256 1803 1291 1850 se
1307 1802 1458 1849 amouere
1475 1782 1586 1847 studet

409 1887 458 1973 (cf
490 1886 580 1969 385).
641 1890 762 1956 ceteris
784 1909 909 1972 quoque
931 1891 1009 1957 locis
1040 1891 1085 1953 noi
1105 1894 1199 1971 ponte
1215 1891 1336 1956 dictum
1359 1910 1431 1956 esse
1454 1889 1586 1956 nirletnr

410 2004 465 2064 aut
492 2018 562 2064 curn
588 2018 667 2064 cura
700 1998 840 2079 quadam
865 2004 898 2062 et
921 1998 1151 2064 beneuolentia
1175 2004 1233 2064 aut
1257 2017 1325 2064 cnm
1351 1996 1538 2062 hortatione
1554 2003 1586 2060 et

410 2105 574 2186 consiliis,
605 2111 641 2170 nt
670 2105 889 2171 coniecturam
919 2107 1015 2182 rebus
1038 2106 1118 2188 ipsis
1141 2107 1252 2188 aliqua
1277 2126 1318 2172 ex
1341 2111 1436 2188 parte
1455 2105 1587 2195 probari

410 2213 587 2278 uideamus,

520 2346 644 2430 Quodsi
668 2347 841 2414 uocatinus
874 2349 1026 2414 uocabuli
1059 2349 1334 2431 propinquitatem
1369 2347 1587 2431 significantis

412 2453 612 2520 sollemniter
634 2452 847 2535 granumque
871 2462 1059 2536 usurpatur,
1084 2455 1182 2522 facile
1206 2456 1435 2538 intellegemus
1453 2462 1588 2538 gnatum

414 2581 483 2628 eam
517 2563 556 2626 ob
588 2581 655 2626 reru
689 2561 842 2626 nocatiue
876 2561 961 2644 dici,
985 2564 1087 2644 quorl,
1108 2569 1144 2628 nt
1168 2563 1229 2629 iarn
1255 2563 1407 2646 uilliurns
1432 2561 1589 2628 sermonis

415 2676 464 2736 est
488 2669 654 2750 grauioris
679 2669 817 2748 ideoque
840 2668 881 2733 acl
907 2688 959 2733 res
983 2670 1155 2734 sollemnes
1177 2669 1282 2751 magis
1306 2670 1465 2735 idoneum.
1506 2671 1590 2734 lrunc

415 2795 505 2842 usum
537 2776 601 2842 iarn
633 2777 731 2854 ningo
765 2777 928 2856 ualuisse,
967 2797 1031 2844 uon
1065 2798 1085 2843 a
1123 2779 1229 2859 poetis
1266 2778 1391 2843 demnm
1431 2775 1591 2842 scaenicis

415 2883 581 2950 inuentum
617 2903 687 2950 esse
726 2885 796 2950 ueri
821 2889 872 2950 est
896 2884 1106 2951 simillimum.
1154 2885 1361 2951 nuncetiam
1386 2885 1426 2949 ‹le
1458 2882 1590 2948 Catonis

417 2991 496 3056 locis
518 2991 640 3056 rectius
658 2990 889 3057 iudicabimus:
915 2991 1028 3054 Marce
1049 2991 1099 3070 feli
1121 2992 1166 3057 ibi
1192 2991 1379 3072 plancaro,
1404 3009 1465 3056 uon
1489 2992 1591 3070 ponto,

416 3099 501 3180 quorl
526 3098 559 3163 iu
584 3102 710 3163 tantum
733 3097 815 3180 agit,
841 3106 877 3164 ut
901 3099 931 3164 ei
957 3098 1011 3180 qni
1037 3099 1322 3182 leguntlllarcum,
1347 3099 1398 3164 cui
1423 3099 1592 3163 dedicatus

419 3212 470 3270 est
495 3204 550 3270 ille
573 3204 666 3285 liber,
702 3205 802 3270 filiurn
842 3223 932 3271 sunm
966 3225 1036 3270 esse
1061 3205 1184 3286 sciant3
1219 3206 1365 3287 appellat
1396 3206 1495 3271 filiurn
1530 3225 1592 3270 non

418 3311 611 3394 emphatice,
635 3312 690 3376 sen
717 3318 881 3394 tamqnam
907 3313 1045 3394 publice.
1522 3321 1524 3327 ‘

526 3447 644 3511 Restat
676 3452 713 3512 nt
746 3453 854 3516 cetera
886 3447 1027 3529 uestigia
1058 3455 1244 3529 tractemus,
1276 3449 1393 3530 quitus
1419 3449 1594 3514 Buecheler

419 3553 615 3618 sententiam
637 3554 724 3618 illam
748 3555 788 3618 ne
803 3543 861 3620 filii
885 3556 1035 3620 uocabnll
1060 3575 1119 3623 usu
1144 3557 1370 3638 aurtiqnissiuro
1394 3564 1594 3636 matrumque

419 3659 489 3725 inre
513 3659 727 3726 suffulciebat.
776 3663 860 3728 (lixit
884 3664 967 3728 cninr

528 3794 557 3860 1.
582 3803 693 3876 poetas
727 3796 867 3862 comicos
893 3799 993 3862 multo
1028 3799 1158 3881 saepius
1182 3799 1305 3864 dixisse
1320 3818 1457 3878 parrona
1474 3798 1595 3878 prpcrit

420 3922 515 3984 quiam
547 3901 650 3981 filtrum
682 3905 809 3982 peperit.
857 3905 949 3986 atqui
979 3905 1082 3983 filtrum
1113 3926 1224 3990 parcre
1257 3912 1366 3971 exstat
1390 3907 1493 3986 Annplr
1520 3903 1595 3982 480,

422 4008 597 4092 718,720,
624 4009 720 4094 1088,
751 4014 837 4077 Τιίιο
861 4010 936 4077 522.
992 4013 1081 4078 Haut
1115 4012 1211 4094 1022,
1248 4018 1282 4076 et
1318 4011 1454 4091 filiolum
1482 4013 1598 4090 peperit

422 4116 612 4202 Τιί16640;
636 4119 671 4184 ef
683 4118 788 4198 filiurn
804 4139 921 4198 parcre
945 4119 1015 4185 (list
1033 4119 1105 4199 163,
1131 4118 1205 4186 617,
1253 4121 1309 4184 sed
1335 4139 1466 4198 pucrrnn
1489 4139 1598 4198 purerc

423 4224 473 4290 nis
497 4225 721 4291 tantummodo
748 4225 826 4291 locis
852 4226 1053 4293 inncnimus:
