3568 5294
705 599 923 665 -49-

222 790 419 855 recensionis
450 797 558 857 autem
593 793 817 877 Calliopianae
839 798 977 879 auctori,
1011 817 1081 864 oum
1107 800 1161 880 qni
1195 820 1290 868 uerus
1314 811 1401 870 esset

222 905 335 953 sensus
370 897 503 970 propter
537 909 664 958 uersum
693 893 758 959 759
784 893 868 960 falso
898 895 1060 976 expletum
1087 899 1218 964 noniam
1253 901 1400 983 intellegi

222 1001 341 1077 posset,
366 1015 449 1061 noua
473 997 661 1066 coniectura
689 1021 768 1083 opus
797 1008 878 1068 erat.
908 1008 1007 1084 atque
1031 1021 1102 1070 cnm
1127 1004 1207 1071 illud
1245 1002 1400 1072 marimo

220 1125 284 1174 suc
313 1128 399 1174 oraru
423 1104 505 1193 fecit
533 1108 574 1174 ad
616 1108 817 1190 Sophronam
860 1109 1028 1190 pertinere
1070 1117 1218 1194 putaret,
1253 1113 1395 1180 fortasse

223 1219 319 1284 etiam
344 1238 441 1285 uersu
475 1219 539 1285 752
560 1219 658 1289 nisos,
692 1210 774 1280 hoec
801 1210 872 1281 solo
901 1217 1044 1299 scripsit.
1070 1238 1243 1301 pronomen
1269 1220 1398 1287 demon·

222 1327 397 1393 straticum
417 1329 478 1393 hoc
501 1328 593 1392 modo
619 1325 914 1405 interpretantibus
931 1325 1042 1391 deesse
1062 1346 1124 1391 non
1147 1327 1268 1392 dehuit.
1302 1347 1397 1408 quam

222 1425 261 1488 oh
295 1445 361 1490 rem
400 1427 492 1491 utin
517 1426 696 1506 archetypo
721 1423 849 1488 deesset
873 1433 906 1489 et
930 1426 972 1489 ab
996 1430 1128 1490 auctore
1153 1425 1277 1491 demum
1304 1427 1399 1492 huius

222 1541 424 1606 recensionis
457 1543 646 1623 adderetur,
680 1539 751 1604 fieri
784 1539 902 1621 potnit.
949 1541 1006 1606 sed
1041 1559 1110 1606 cnm
1146 1543 1320 1607 aDonato
1344 1536 1399 1608 ltlc

222 1639 430 1721 scriberetur,
459 1641 491 1706 in
527 1641 706 1720 archetypo
739 1637 856 1720 fuisse,
881 1657 937 1719 per
962 1638 1090 1704 librarii
1116 1640 1264 1706 mendum
1289 1641 1321 1706 in
1346 1661 1398 1707 co·

221 1745 292 1811 dice
321 1749 350 1811 A
381 1748 542 1813 excidisse
574 1747 721 1813 nonnulli
751 1753 868 1827 putant
902 1745 952 1824 (cf
975 1747 1137 1812 Dniatzko
1170 1749 1299 1812 Phorm.
1321 1768 1394 1830 app.

222 1853 293 1919 crit.
319 1875 339 1936 p
365 1851 451 1935 135).
499 1875 603 1936 neque
628 1861 735 1920 tamen
763 1855 881 1919 haere
907 1853 1081 1935 quidquam
1098 1853 1257 1920 affirmari
1275 1862 1395 1936 potest:

221 1980 293 2026 nam
333 1963 471 2044 Donato,
512 1964 629 2043 qnippe
659 1962 713 2042 qni
746 1968 803 2027 aut
837 1960 1057 2042 Antiphonem
1090 1970 1149 2028 aut
1195 1963 1394 2044 Sophronam

223 2069 373 2150 intellegi
402 2077 545 2152 putaret,
574 2070 637 2151 ipsi
662 2088 787 2150 quoque
815 2087 989 2149 pronomen
1015 2069 1308 2135 demonstraturum
1340 2071 1395 2135 ad·

223 2176 360 2242 dandum
393 2185 475 2243 erat.
545 2177 639 2242 nohis
670 2185 777 2242 autem
812 2195 952 2240 amorem
991 2175 1171 2256 significari
1203 2177 1393 2257 scientibus,

223 2301 291 2349 oum
316 2283 365 2346 hic
388 2304 492 2365 ireque
515 2285 556 2350 ad
581 2303 708 2349 sensnm
734 2303 839 2364 neque
863 2284 904 2348 ad
926 2288 1062 2348 metrum
1088 2302 1170 2365 opus
1194 2283 1250 2366 sit,
1274 2284 1394 2350 codicis

223 2394 250 2454 A
276 2393 505 2458 anctoritatem
524 2393 576 2457 hie
593 2410 718 2472 quoqne
734 2391 856 2456 secutis
872 2390 920 2455 sic
935 2390 1141 2457 scribendum
1160 2411 1230 2458 esse
1247 2392 1393 2458 uidetur:
1436 2453 1440 2486 ·.

1048 2552 1174 2642 offendi
1203 2554 1395 2624 (cruentans

224 2707 373 2793 Quocum
403 2707 554 2778 molchom
584 2714 615 2777 ct
642 2713 680 2776 ot
707 2707 859 2777 molchom
888 2705 1081 2778 collocutum
1110 2729 1233 2776 (rroore.

223 2876 321 2964 Quod
354 2901 415 2948 uos
443 2877 537 2947 (nottho
566 2900 664 2968 opere
683 2878 835 2948 ortamno
862 2876 1029 2946 dabamus
1057 2897 1196 2964 operum
1222 2882 1260 2946 ot
1280 2874 1388 2964 fieret,

217 3054 300 3125 Sorte
328 3064 443 3127 nostro
473 3079 558 3127 curo
586 3057 742 3126 troanno
770 3077 835 3125 stro
863 3076 949 3124 cerro
976 3055 1068 3125 solos
1092 3052 1180 3141 fecit.

628 3337 978 3422 annelpnalu

321 3500 451 3566 Snrnma
475 3501 570 3566 lmins
594 3501 657 3566 loci
682 3501 861 3567 difficultas
883 3502 914 3567 in
937 3520 973 3564 eo
997 3506 1137 3579 constat,
1153 3497 1236 3579 quod
1253 3498 1387 3563 Aeschi-

215 3628 283 3690 nus,
318 3609 369 3688 qui
404 3609 507 3690 primo
537 3609 674 3674 siluerat
703 3618 735 3674 et
758 3630 777 3675 a
802 3611 924 3675 Demea
948 3608 1085 3685 (ternum,
1108 3611 1145 3669 ut
1168 3606 1236 3686 ipse
1262 3623 1386 3685 quoque

214 3717 384 3781 Micionem
411 3717 612 3798 imploraret,
647 3725 823 3782 commotus
847 3726 908 3797 est,
934 3726 1001 3781 tum
1027 3715 1127 3780 totius
1152 3711 1280 3776 corrsilii
1304 3718 1385 3775 tam·

212 3841 306 3902 quam
331 3830 445 3889 auctor
470 3843 540 3889 esse
564 3823 704 3889 uidetur.
752 3825 812 3888 hac
837 3842 872 3887 re
906 3822 996 3887 nisus
1021 3827 1054 3884 et
1080 3818 1201 3885 Donati
1227 3818 1268 3882 ad
1286 3836 1304 3881 u
1321 3813 1385 3882 938

210 3930 421 3996 adnotatione
453 3931 614 3996 Daiatzko
653 3927 791 4011 (Adelph
823 3929 919 4010 praef
950 3949 970 4010 p
1002 3925 1035 4008 4)
1060 3927 1143 4008 apud
1169 3924 1383 3990 Menandrum

212 4038 404 4103 Aeschinum
430 4038 614 4119 nuptiarum
631 4044 797 4103 auctorem
815 4037 917 4102 fnisse
933 4035 1100 4101 contendit
1116 4033 1272 4098 acriorem
1289 4050 1384 4111 qnam

209 4146 381 4227 Demeam;
414 4145 601 4210 Terentium
645 4151 752 4210 autem
798 4145 916 4210 ceteris
949 4144 1046 4207 rebus
1080 4139 1213 4206 mutatis
1246 4137 1383 4203 lenitate

207 4252 344 4332 quadam
377 4272 416 4316 ac
440 4252 651 4333 neglegentia
676 4253 759 4316 lrunc
784 4271 922 4331 nersnm,
947 4249 1053 4330 qualis
1078 4247 1178 4312 fuerit
1211 4247 1243 4310 in
1279 4264 1384 4310 exem·

207 4361 291 4441 plari
317 4359 456 4441 Graeco,
486 4359 648 4440 integrum
693 4358 870 4439 reliquisse.
918 4376 1012 4438 quam
1043 4353 1238 4419 sententiam
1267 4354 1383 4433 proba·

207 4468 341 4531 bilitate
365 4467 492 4530 omnino
518 4473 683 4530 carentem
710 4484 767 4530 suo
792 4464 861 4529 iure
878 4461 1075 4544 improbauit
1095 4461 1230 4540 Langen
1249 4457 1382 4538 (Plrilol.

1221 4580 1239 4632 4
