3568 5294
917 607 1135 676 ..44--

436 821 517 885 bach
541 823 619 884 ante
648 810 734 882 sutis
762 816 919 898 scriptum
943 814 1044 880 fuisse
1068 804 1312 885 Aur-bimatum
1328 811 1611 893 qriaenotaChre-

436 926 530 992 metis
571 945 741 1009 personam
783 924 958 1007 significat.
1014 943 1085 990 mea
1118 923 1245 1004 quidem
1287 920 1451 986 sententia
1484 925 1608 1000 patrem
1647 910 1651 917 ’

436 1033 570 1100 muliere
616 1032 675 1098 illa
720 1033 860 1098 nondum
904 1033 1070 1098 nominata
1109 1030 1209 1095 filium
1253 1028 1387 1094 laudare
1434 1025 1612 1091 uerisimile

435 1162 499 1207 non
525 1145 597 1223 est3
620 1147 755 1206 matrem
781 1158 869 1220 uero,
893 1147 929 1204 ut
953 1147 1001 1204 est
1026 1138 1152 1204 fautrix
1175 1137 1234 1203 filii
1259 1133 1305 1218 (ci
1326 1133 1450 1215 utut),
1475 1132 1612 1198 laudare

435 1248 543 1330 potius
579 1245 769 1312 crediderim
797 1253 829 1311 et
862 1247 914 1330 uel
949 1267 987 1312 ea
1021 1267 1054 1311 re
1085 1246 1241 1326 gaudere,
1266 1243 1350 1325 quod
1376 1241 1517 1323 Clitipho
1541 1240 1611 1321 ipse

436 1375 569 1421 uxorem
586 1354 650 1421 sibi
666 1355 853 1422 deiecturus
878 1361 937 1420 est.
963 1374 1004 1419 ex
1028 1355 1184 1419 uocabulo
1213 1367 1319 1434 nuuc,
1344 1356 1440 1432 pater
1452 1369 1493 1415 an
1506 1356 1611 1414 mater

437 1463 535 1542 dicat,
561 1462 647 1530 effici
680 1481 739 1527 non
774 1468 900 1544 potest,
930 1462 1016 1544 qtrod
1041 1469 1074 1527 et
1097 1468 1192 1543 pater
1217 1467 1251 1524 et
1275 1467 1380 1524 mater
1404 1465 1503 1522 antea
1527 1457 1612 1522 uitu-

436 1577 645 1653 peraueraut.
691 1578 819 1651 patrem
853 1569 970 1634 deiude
988 1563 1074 1633 solis
1091 1561 1207 1652 placet
1231 1567 1339 1632 (licere
1357 1575 1611 1633 consentaneum

438 1689 489 1747 est
512 1679 624 1760 eisque
649 1678 758 1744 uerbis
783 1677 951 1743 consilium
968 1677 1027 1742 filii
1044 1676 1271 1756 comprobare3
1301 1695 1374 1740 uam
1399 1675 1488 1757 patri
1511 1676 1613 1757 potis·

432 1788 551 1858 simum
566 1807 647 1867 eam,
661 1805 755 1868 quam
773 1783 915 1866 Clitipho
932 1803 1061 1848 nixorum
1088 1783 1258 1848 ducturum
1277 1803 1310 1848 se
1335 1802 1406 1848 esse
1429 1783 1614 1849 declar-anit

436 1898 566 1979 placere
590 1896 773 1978 oportebat.
817 1911 1028 1974 personarum
1054 1909 1131 1955 uero
1158 1899 1252 1956 notas
1276 1891 1354 1971 quin
1380 1896 1548 1972 mutemus,
1573 1910 1613 1954 eo

436 2003 540 2069 miuus
565 2001 768 2084 impedimur,
793 1999 878 2081 quod
895 1999 1023 2064 codices
1042 1997 1128 2063 inter
1147 2017 1181 2062 se
1199 1997 1432 2064 dissentientes
1448 2006 1612 2079 tamquam

435 2132 495 2178 sua
526 2111 591 2194 ipsi
624 2110 760 2175 uulnera
785 2106 879 2173 nobis
913 2105 1099 2171 ostendunt.
1154 2104 1362 2170 scribendum
1394 2105 1496 2185 igitur
1528 2105 1612 2171 erit:

439 2222 496 2293 Cl:
529 2221 651 2308 Immo,
682 2217 959 2310 quondoquidem
986 2217 1187 2303 ducendast,
1218 2222 1344 2303 eporrml
1371 2215 1473 2287 habeo
1486 2239 1613 2306 propo-

756 2357 791 2404 ru

443 2455 556 2543 Quum
597 2337 808 2523 uolturfmfssh:
848 2449 954 2519 Nunc
991 2449 1105 2536 laudo,
1140 2455 1254 2537 pholo.
1317 2448 1376 2519 Cl:
1413 2445 1610 2520 Archonidi

651 2569 756 2639 huius
780 2566 902 2655 pilium.

439 2689 522 2760 Chr:
551 2687 645 2758 Sulis
665 2685 790 2775 placor.
854 2683 916 2753 Ol:
943 2682 1050 2753 Puter
1069 2705 1100 2772 p.
1130 2704 1157 2753 s,

544 2818 701 2886 Versibus
726 2811 946 2882 toto-1059
970 2814 1195 2896 Umpfenbach
1219 2819 1308 2878 recte
1322 2833 1477 2896 personas
1498 2813 1614 2878 distin·

435 2929 521 2995 xisse
537 2928 677 2994 uidetur.
694 2943 767 2990 nam
783 2917 830 2987 ud
848 2937 902 2986 unc
920 2915 1049 3005 recipio
1065 2922 1272 2987 Menedemus
1288 2921 1395 2986 dicere
1412 2941 1472 2986 non
1493 2928 1612 3003 potest,

435 3037 553 3118 quippe
585 3034 640 3117 qui
670 3029 862 3114 Clitiphonis
895 3030 1016 3095 nullam
1050 3030 1171 3094 habeat
1202 3033 1410 3110 potestatem,
1436 3049 1538 3110 neque
1571 3031 1612 3094 ob

435 3145 569 3210 eandem
605 3161 735 3209 causam
766 3131 873 3219 faciel
899 3131 1025 3204 omniu.
1053 3137 1109 3201 sed
1134 3136 1192 3202 illa
1227 3130 1309 3200 llaec
1337 3133 1421 3200 dum
1448 3129 1610 3220 incipias

431 3245 561 3334 prurio
589 3252 681 3334 sual,
710 3249 861 3338 duraque
888 3247 1044 3336 iprmrcs;
1071 3247 1128 3316 uhi
1157 3246 1321 3336 copuorr's,
1349 3241 1473 3335 fucz'lr'u
1501 3253 1612 3318 mulie-

436 3355 503 3424 rem
534 3359 644 3424 dicere
674 3380 737 3426 non
763 3363 867 3443 decet,
892 3361 1008 3426 nedum
1034 3368 1226 3426 matronam.
1253 3380 1283 3426 u.
1310 3356 1395 3427 1057
1420 3360 1479 3427 cod
1505 3363 1532 3426 A
1557 3361 1612 3426 So-

435 3471 575 3533 stratam
606 3461 712 3552 perii,
751 3487 799 3534 un
839 3462 975 3534 dubitus
1021 3461 1169 3552 Clitipho
1202 3468 1362 3534 dicentem
1389 3469 1536 3550 praebet,
1561 3488 1610 3532 co-

436 3573 526 3641 dices
551 3594 626 3641 uero
647 3576 850 3643 recensionis
867 3576 1090 3658 Calliopianae
1109 3575 1285 3656 Clitiphoni
1305 3575 1492 3642 attribuunt
1502 3569 1610 3658 perii,

436 3684 605 3750 Sostratae
643 3703 691 3749 uro
718 3678 854 3750 dubitus
886 3677 1042 3768 Oltrtpho.
1101 3683 1182 3749 illud
1204 3683 1341 3765 „recepit
1373 3683 1611 3764 Umpleubach,

437 3796 496 3860 hoc
520 3793 693 3876 Dziatzko‚
719 3793 877 3876 Wagner,
904 3794 1011 3858 Klotz.
1061 3791 1138 3858 mihi
1157 3785 1254 3876 perti
1283 3812 1408 3875 quoque
1428 3792 1611 3858 Sostratam

436 3902 545 3967 dicere
579 3901 828 3984 praeferendum
859 3900 1001 3966 uidetur.
1049 3920 1121 3966 nam
1151 3907 1324 3983 postquam
1355 3900 1496 3982 Clitipho
1527 3899 1612 3966 dixit

431 4002 527 4094 pero
551 4029 651 4091 eoque
676 4011 776 4074 uerbo
800 4009 885 4074 nolle
909 4028 942 4073 se
966 4027 1099 4074 uxorein
1125 4008 1243 4074 dulcere
1267 4009 1456 4089 declarauit,
1484 4009 1613 4074 Sostra·

438 4125 492 4183 tae
516 4119 618 4184 uerba
653 4134 701 4181 ort
719 4107 880 4182 dobras?
902 4135 1028 4181 sensum
1061 4117 1183 4182 habent
1211 4117 1348 4198 nullum;
1378 4116 1433 4182 sed
1459 4114 1611 4197 Clitipho·

437 4245 507 4290 nem
538 4247 573 4291 ro
602 4245 680 4292 uera
709 4223 807 4290 etiam
838 4223 990 4290 dubitare
1024 4243 1158 4290 neccsse
1182 4235 1241 4290 est.
1290 4223 1374 4288 idem
1400 4222 1544 4288 efficitur
1568 4242 1610 4288 ex

438 4333 618 4399 Chremetis
643 4333 752 4398 uerbis
776 4325 891 4413 immo,
913 4331 1033 4396 utrum
1062 4325 1142 4413 uolt,
1169 4331 1285 4412 quibus
1316 4332 1395 4397 haec
1420 4330 1522 4395 ferme
1547 4328 1614 4393 dic-

438 4446 531 4510 turus
561 4447 626 4509 est:
658 4440 725 4505 noli
751 4447 784 4506 tu
809 4442 897 4508 illum
924 4439 1123 4504 auctoritate
1147 4444 1204 4503 tua
1229 4457 1441 4522 commouere,
1466 4437 1523 4503 sed
1547 4435 1617 4518 ipse
