3568 5294
668 561 887 633 ..17-

298 761 384 826 mue
421 760 470 840 re,
506 760 581 845 aaa,
615 760 691 841 505,
726 761 912 845 trason,
944 761 1020 844 aot,
1055 766 1126 846 urg
1154 786 1174 848 p
1205 763 1363 851 utana
1407 720 1408 723 ‘

190 886 263 932 nam
289 869 394 949 Amph
423 867 527 951 1102,
561 870 621 936 Cas
646 869 721 953 256,
746 873 833 937 Troe
857 869 931 952 789,
955 871 1074 938 afferre
1103 871 1159 938 uix
1180 893 1362 955 possumus,

189 992 292 1055 neque
318 977 422 1056 Amph
448 974 534 1043 1070
555 975 641 1057 filios
661 997 774 1057 pueros
789 979 956 1058 peperisse.

394 1083 516 1148 Exstat
539 1083 642 1165 igitur
663 1082 767 1164 filiurn
782 1105 899 1164 perere
922 1083 942 1150 6
967 1086 1018 1151 uel
1042 1083 1062 1152 7
1085 1085 1134 1151 ies

629 1211 768 1271 puerunt
784 1211 900 1271 parere
1042 1189 1062 1258 7
1112 1243 1127 1275 ‚,

294 1296 432 1362 Accedit
461 1303 497 1362 ut
528 1317 661 1377 puerum
691 1319 801 1378 parere
846 1319 917 1366 otum
953 1298 1123 1382 pareuhesi
1157 1299 1284 1366 ditatur
1314 1297 1362 1381 (el

188 1403 288 1482 Frgm
315 1402 377 1468 118
398 1413 526 1491 pueros
558 1407 685 1493 pariat
711 1404 845 1494 posteo)
873 1407 1010 1488 ideoque
1031 1414 1068 1472 ut
1084 1405 1242 1488 imprimis
1269 1408 1360 1474 ioue·

128 1561 130 1566 ,
186 1516 260 1575 atur
284 1510 356 1574 lieri
381 1512 492 1605 possit.
540 1514 574 1578 ef
602 1513 689 1580 inira
713 1535 732 1597 p
757 1512 915 1595 eaquae
946 1533 1016 1579 eum
1045 1514 1093 1577 ita
1117 1512 1195 1595 sint,
1227 1533 1268 1580 ne
1298 1517 1360 1580 hae

186 1615 313 1712 quidem
338 1617 371 1683 in
395 1639 431 1684 re
457 1620 655 1685 Bneelrelero
679 1621 833 1687 assentiri
856 1639 1036 1703 possumus.
1284 1703 1288 1713 ¹

289 1721 321 1794 2.
345 1744 471 1807 semper
495 1726 560 1792 diei
598 1731 709 1789 unetos
741 1747 809 1789 sum
845 1725 958 1800 liberis,
992 1747 1052 1793 non
1077 1733 1114 1792 nt
1137 1735 1251 1809 postea
1267 1747 1296 1794 e.
1320 1747 1356 1809 g.

186 1829 269 1909 apud
296 1831 479 1898 Ciceronem
503 1833 570 1912 filio
601 1853 672 1896 sune
709 1837 828 1896 anetus.
870 1835 927 1900 sed
953 1833 1119 1899 inuenitur
1152 1833 1256 1896 liberie
1288 1853 1358 1896 sum

183 1939 293 1998 anetus
316 1939 402 2018 apud
426 1939 604 2021 scriptores
633 1941 835 2023 antiquiores
865 1941 914 2005 bis
935 1940 1160 2007 tantummodo
1182 1943 1269 2006 Troo
1292 1939 1357 2008 384

185 2049 218 2106 et
241 2041 324 2125 o1o;
349 2046 498 2112 concludi
523 2047 625 2127 igitur
641 2047 814 2128 quidquam
833 2066 927 2128 posse
942 2065 1076 2128 prorsus
1092 2047 1273 2126 negandum
1292 2056 1353 2114 est.

291 2149 321 2216 3.
347 2171 427 2233 quas
463 2153 546 2219 alias
578 2173 629 2219 res
658 2154 838 2220 Buecheler
867 2153 978 2219 affert:
1010 2173 1080 2219 eum
1105 2173 1231 2219 sensum
1262 2174 1356 2235 quem

185 2259 270 2340 apud
288 2259 468 2326 Germanos
485 2263 628 2326 habeant
643 2258 728 2324 Soio
745 2269 778 2326 et
797 2259 935 2343 Toedter,
958 2259 1043 2342 apud
1060 2261 1196 2326 Latinos
1216 2261 1355 2327 diuisum

183 2384 256 2431 esse
279 2366 366 2432 inter
388 2370 503 2447 proetus
523 2371 621 2447 priato
649 2375 682 2433 et
696 2367 783 2448 pilius
795 2366 874 2447 filio,
899 2367 977 2450 quin
1003 2373 1093 2432 reete
1115 2367 1237 2433 dixerit
1262 2387 1355 2433 neuno

183 2473 368 2557 dubitabit3
392 2475 449 2541 sed
468 2475 622 2556 quomodo
641 2475 700 2540 luae
717 2494 752 2541 re
768 2473 962 2541 sententiam
979 2493 1070 2540 suam
1095 2473 1213 2539 fuloire
1236 2475 1353 2557 possit,

183 2581 328 2661 equidem
353 2600 415 2647 non
441 2582 606 2664 intellego.

289 2686 319 2753 4.
345 2688 488 2754 fabulam
522 2708 618 2770 porro
652 2688 746 2770 lupae
778 2688 950 2754 Romulum
983 2681 1174 2753 et‘Remum
1200 2688 1355 2755 uberibus

182 2793 301 2860 alentio
332 2801 436 2860 ortam
468 2815 538 2861 esse
569 2816 609 2861 ex
638 2794 835 2877 etymologia
863 2794 921 2860 illa
950 2793 1117 2859 etiamtum
1151 2793 1233 2859 satis
1261 2795 1352 2861 olera

181 2909 344 2983 tamqnam
381 2907 416 2967 ut
451 2901 500 2966 ait
528 2902 705 2967 Buecheler
740 2902 791 2964 ein
820 2898 1015 2980 Sebrittroort
1047 2895 1080 2962 in
1119 2897 1353 2964 Oonrmeutoren

181 3008 326 3088 equidem
351 3028 513 3088 nunquam
543 3007 745 3074 crediderim.
794 3009 894 3073 multo
924 3007 1047 3072 ¹reotius
1072 3005 1193 3071 dixisse
1222 3006 1354 3074 uidetur

181 3115 259 3181 Otto
291 3116 402 3181 Keller
435 3112 546 3195 (lbere
579 3115 636 3180 des
672 3115 871 3181 elassisehen
904 3109 1087 3179 'Altertums
1122 3113 1155 3178 in
1187 3113 1353 3198 oulturge·

179 3221 408 3287 solriehtlioher
424 3221 623 3302 Beuiehung.
648 3221 778 3286 Innslrr.
798 3218 882 3286 1837
906 3241 926 3302 p
946 3218 1031 3297 lull:
1056 3217 1147 3282 Auen
1162 3219 1206 3282 im
1222 3219 1351 3301 iidripeu

178 3329 219 3390 ist
242 3328 291 3391 dio
321 3327 509 3409 Wdlpiusoqe
534 3330 642 3408 peruios
671 3328 742 3391 ieein
763 3327 958 3391 Μία-030063
985 3325 1150 3402 Gerodeias;
1183 3325 1264 3390 mou
1293 3329 1352 3391 wir

178 3433 298 3498 dinnao
320 3437 364 3498 sie
385 3454 468 3515 pane
483 3434 617 3499 deotlieb
632 3435 678 3498 bis
698 3435 761 3517 ons
777 3432 1070 3498 eorderusiotisebeu
1091 3431 1198 3496 Booten
1219 3434 1353 3498 zora'ielr-

177 3540 340 3622 oersolpen.
390 3541 440 3605 Ztr
463 3541 580 3623 Kydon
602 3540 665 3622 ons
682 3541 785 3604 Krete
803 3541 872 3604 und
892 3561 933 3604 au
949 3539 1041 3604 Meter
1062 3537 1172 3617 ireffeu
1186 3541 1245 3602 wir
1259 3539 1352 3605 seiron

178 3647 237 3711 den
264 3648 384 3729 Tppns:
419 3647 647 3729 Adstummnup
679 3648 732 3711 des
763 3647 928 3712 Griinders
955 3667 1013 3710 oon
1040 3647 1137 3708 einem
1167 3642 1257 3709 Goiie
1283 3648 1352 3710 uod

177 3755 263 3818 einer
286 3753 488 3835 Sterliielreu,
521 3754 719 3835 Ausseieuuq
745 3755 814 3817 und
839 3753 1037 3833 Ernddrunp
1068 3749 1166 3814 durch
1194 3750 1252 3815 dou
1281 3751 1350 3816 dem

173 3861 337 3941 pitiiieiren
370 3861 462 3926 Voter
481 3861 640 3942 peireiie'qie
667 3861 749 3935 Tier,
774 3861 834 3925 deo
865 3858 957 3941 Wolf,
982 3854 1104 3938 darant
1125 3857 1350 3940 Noeiesteiiunq

174 3987 234 4030 oon
264 3963 367 4032 Ser'iere
398 3968 480 4030 eines
508 3967 626 4030 ditereo
657 3965 876 4040 Verroandien,
903 3965 1024 4030 eudlioir
1058 3963 1238 4046 Gedudnnp
1265 3968 1350 4030 einer

182 4072 306 4137 Ooiooie
309 4122 446 4141 .....
471 4071 687 4156 Meriooiirdip
709 4073 799 4138 bleibi
821 4094 861 4148 es,
886 4074 959 4137 dass
981 4071 1061 4136 auoit
1078 4073 1114 4135 in
1134 4071 1194 4135 cieo
1216 4070 1349 4154 Steppeu

177 4173 407 4244 Ceutrolesiens
416 4199 499 4261 pone
512 4179 709 4261 pleieimriiqe
721 4179 853 4260 Mptben
864 4178 929 4244 sieb
940 4179 1081 4243 bildeten.
1107 4177 1179 4242 Deo
1194 4175 1347 4244 Griinder

174 4287 229 4351 des
251 4287 426 4351 tiiririseiren
450 4286 558 4350 Volltes
579 4291 687 4369 sdupie
710 4289 776 4350 eine
800 4286 952 4368 Wolfio..
977 4331 987 4351 .
1013 4333 1020 4348 .
1044 4283 1117 4349 Die
1141 4283 1348 4351 Pduutosie

173 4394 248 4457 der
271 4393 568 4458 Hirteuodllrer
589 4392 747 4457 sedeunt
775 4393 914 4456 diesen
936 4391 1103 4473 Mptlrus
1129 4392 1202 4454 unii
1229 4393 1347 4454 einer

951 4508 957 4520 ·
1240 4494 1258 4546 2
