3568 5294
900 581 1119 652 ..14.„

526 783 617 868 Quae
634 804 704 850 cum
721 784 770 850 ita
786 784 863 864 sint,
888 784 972 864 quod
997 783 1033 849 Ο.
1055 783 1203 848 Ribbeck
1221 783 1295 847 Corn
1315 803 1334 864 p
1352 779 1371 847 ι’)
1394 783 1466 847 Eun
1485 777 1504 847 5
1522 800 1593 863 pro:

417 912 461 955 on
482 891 605 971 aliquid
626 891 709 972 qnod
730 890 810 954 dono
836 889 885 952 illi
907 908 1046 952 morenos
1069 889 1227 955 coniecit:
1263 887 1351 968 dono,
1381 889 1440 968 fia,
1464 888 1511 952 nii
1534 908 1594 951 rno-

416 1017 514 1072 rores,
539 999 672 1081 probari
696 1017 759 1064 non
780 1017 824 1079 po
828 1001 903 1062 t.est

524 1106 648 1172 Exstat
634 1109 788 1171 ttanem
820 1109 915 1170 uocat
918 1103 988 1170 iuus
1021 1103 1170 1170 uocabuii
1202 1103 1260 1168 iiiii
1294 1103 1357 1170 Liu
1386 1102 1498 1182 Od2,
1534 1103 1595 1170 Cat

418 1210 610 1296 77,1;78,
636 1209 828 1296 13380,1
867 1211 953 1293 apud
978 1210 1105 1276 Liuium
1130 1213 1219 1289 poter
1241 1214 1352 1283 noster,
1378 1209 1445 1274 son
1423 1210 1596 1290 inanisiir'e

418 1320 590 1386 secundnm
623 1320 718 1385 Hom.
750 1318 800 1384 Ori
824 1318 850 1398 I,
883 1315 925 1383 45
955 1311 1094 1401 ὦπάτερ
1122 1315 1258 1400 ἡμέτερε,
1291 1311 1416 1400 Κρονίδη
1447 1337 1483 1382 re
1517 1337 1595 1382 uera

420 1428 514 1495 hrains
540 1426 690 1493 uocabuIi
714 1425 896 1492 uocatiunm
923 1425 1090 1491 exstitisse
1115 1444 1151 1492 eo
1176 1423 1299 1490 certius
1323 1430 1382 1508 est,
1412 1425 1496 1506 quod
1525 1425 1595 1490 Pri·

418 1535 550 1600 scianus
580 1541 712 1616 propter
742 1535 826 1599 lianc
863 1532 965 1614 ipsam
1001 1532 1138 1598 formam
1172 1531 1237 1611 filie
1272 1551 1400 1597 uersum
1436 1532 1593 1598 laudauit.

419 1661 522 1722 neque
546 1647 655 1708 tamen
680 1641 731 1707 nic
761 1640 913 1706 nocatino
937 1639 1024 1704 filius
1061 1638 1130 1705 eins
1154 1639 1210 1720 qui
1232 1639 1376 1719 loquitur
1399 1640 1594 1721 appellatur,

419 1749 475 1814 sed
494 1745 627 1812 sarona·
648 1747 713 1826 filie
736 1747 887 1830 separari
911 1766 974 1812 non
1000 1753 1106 1828 potest
1129 1747 1315 1827 dictumque
1329 1753 1390 1828 est,
1415 1767 1477 1828 qno
1495 1749 1594 1813 Grae·

419 1876 489 1922 curn
518 1851 642 1940 Κρονίδη
672 1856 922 1922 transferretur.
971 1855 1003 1919 in
1038 1854 1171 1920 Catonis
1205 1854 1400 1934 fragmentis
1431 1874 1469 1920 ex
1502 1854 1594 1919 libris

420 1963 459 2027 aa
479 1965 625 2028 Marcum
650 1962 749 2028 filium
776 1963 914 2044 sumptis
938 1962 1018 2027 illud
1036 1961 1147 2024 Marco
1164 1962 1214 2041 fili
1238 1969 1359 2027 utnon
1384 1965 1425 2026 ab
1450 1961 1594 2026 omnibns

420 2070 651 2152 scriptoribus,
692 2070 747 2150 qui
785 2070 858 2135 iilos
896 2071 981 2134 locos
1021 2069 1258 2150 landauerunt,
1298 2069 1484 2150 adderetur,
1522 2069 1594 2135 ideo
1688 2066 1690 2071 ’

420 2177 541 2243 iactum
574 2197 644 2243 esse
673 2187 761 2259 puto,
798 2177 939 2258 quodni
973 2177 1005 2241 id
1035 2175 1155 2258 ipsum:
1189 2181 1295 2239 orator
1328 2180 1371 2240 est
1402 2177 1456 2239 noir
1489 2175 1593 2248 bontas,

422 2282 545 2348 dicendi
563 2285 682 2364 peritos
703 2285 842 2350 maxime
864 2283 1022 2350 interesse
1044 2287 1217 2366 putabant,
1241 2285 1298 2350 sed
1322 2284 1374 2350 cni
1398 2286 1477 2350 haec
1493 2285 1595 2350 uerba

420 2391 620 2473 dicerentur,
643 2390 764 2457 nullius
788 2411 860 2456 esse
884 2391 1049 2456 momenti.

516 2497 671 2565 'Exsistit
694 2499 854 2581 quaestio,
884 2517 1040 2579 quaenam
1070 2517 1167 2564 causa
1191 2499 1246 2581 sit,
1284 2500 1368 2580 quod
1399 2493 1488 2578 filios
1511 2497 1595 2580 apud

420 2607 588 2672 scaenicos
611 2611 725 2688 poetas
750 2605 902 2672 uocatiue
932 2605 1053 2672 dictum
1087 2625 1150 2670 noo
1175 2606 1382 2674 inueniatur:
1416 2627 1489 2672 narn
1519 2625 1595 2672 casn

421 2713 544 2779 factum
577 2733 649 2778 esse
678 2713 767 2778 credi
790 2712 846 2778 uix
870 2719 990 2796 potest.
1037 2733 1140 2795 neque
1172 2713 1232 2779 hoc
1263 2713 1371 2780 dicere
1404 2714 1481 2780 licet
1513 2713 1595 2782 filios

422 2820 550 2885 omnino
575 2839 636 2884 non
662 2821 830 2886 uocabulis
854 2821 1132 2903 propinquitatem
1158 2821 1391 2902 indicantibus,
1422 2822 1479 2886 sed
1503 2840 1595 2903 prae·

421 2927 604 2994 nominibus
636 2935 694 2993 aut
726 2927 799 2994 aliis
832 2928 1002 2994 uocabulis
1035 2934 1069 2993 nt
1093 2929 1323 3007 adulescentis,
1357 2928 1595 2994 adulescentuli

422 3035 582 3117 appellari
606 3035 721 3115 solere,
746 3036 986 3115 quodomnium
1004 3035 1307 3117 fermelinguarum
1334 3053 1411 3101 usus
1435 3041 1485 3102 est
1502 3055 1596 3117 appe·

422 3149 494 3206 tens
523 3141 725 3223 perspicuita
728 3141 788 3224 ιιι
831 3162 905 3208 nam
939 3147 998 3224 pa
1001 3162 1028 3207 ιι
984 3142 1151 3208 tmuiti
1127 3150 1278 3224 tsaepe
1312 3142 1370 3208 filii
1408 3148 1500 3226 snnt,
1472 3143 1597 3207 tfiiio

423 3267 506 3313 unus
530 3255 587 3329 pat
590 3268 623 3313 er
647 3253 708 3316 est.
755 3256 877 3330 quo
840 3249 943 3329 ι
923 3251 1036 3327 utpo
1037 3269 1070 3311 or
1094 3256 1188 3314 uocat
1192 3249 1242 3314 ine
1266 3250 1333 3314 dict
1321 3258 1385 3315 tum
1410 3249 1597 3317 inueniatur

422 3356 508 3436 apud
540 3355 691 3420 Plautum
720 3353 798 3422 93
790 3375 847 3438 res,
882 3355 967 3437 apud
1001 3355 1188 3421 ferentum
1214 3354 1287 3422 47·
1279 3375 1334 3437 ree,
1371 3357 1455 3422 filius
1489 3364 1595 3422 auem

425 3461 582 3527 uocabulo
602 3461 875 3543 propinquitatem
902 3461 1069 3528 indicante
1091 3467 1157 3528 tam
1182 3482 1257 3528 raro
1274 3465 1468 3546 appelletur.
1494 3483 1597 3544 neque

424 3575 532 3635 tamen
565 3568 626 3634 tali
652 3569 903 3634 ratiocinatione
927 3569 1074 3650 quamuis
1107 3588 1184 3634 uera
1214 3590 1280 3636 rem
1313 3570 1401 3636 iliam
1433 3571 1597 3654 explicare

422 3694 608 3758 possumus:
647 3696 721 3742 narn
759 3676 807 3741 eis
835 3675 925 3749 locis,
962 3676 1079 3756 quibus
1103 3675 1278 3743 adhibetur
1312 3679 1502 3744 uocabulum
1526 3698 1597 3760 pro·

422 3783 572 3866 pinquita
575 3788 639 3850 tem
664 3783 826 3868 indicano,
852 3803 916 3866 qua
940 3784 979 3850 de
1004 3803 1103 3849 causa
1124 3803 1294 3865 numquam
1320 3786 1512 3850 uocabulum
1528 3785 1597 3866 filii,

424 3891 510 3971 qnod
534 3891 620 3974 apud
644 3898 720 3974 poet
723 3911 759 3960 as
783 3891 923 3959 comicos
946 3891 1109 3973 frequent
1101 3910 1151 3958 rus
1181 3911 1251 3958 esse
1276 3892 1427 4000 uidimus,
1450 3900 1547 3960 uocat
1549 3894 1598 3958 ιιι

423 3998 491 4065 dict
478 4005 545 4065 tum
570 3998 782 4082 inueniamus,
814 4000 871 4067 sed
896 4019 1066 4082 semper
1048 3999 1142 4066 crnati
1116 3965 1358 4067 tuocabqufn
1383 3999 1505 4082 rarius,
1535 4001 1599 4066 ista

423 4106 552 4172 ratione
575 4126 637 4174 non
663 4107 878 4189 intellegitur.

531 4215 637 4281 Aliam
672 4234 802 4281 causam
836 4215 951 4281 attulit
986 4215 1041 4281 Fr.
1076 4212 1383 4295 Buecheler·(Mns.
1418 4215 1513 4280 Rhen
1544 4213 1596 4295 39,

374 4398 377 4404 Δ
423 4319 515 4400 412).
546 4323 605 4388 ιιιι
631 4322 715 4388 enim
739 4323 930 4388 uocabulum
957 4342 976 4388 a
1000 4323 1130 4388 felanrio
1154 4318 1262 4404 (θηλὴ)
1288 4322 1500 4388 deriuandum
1531 4342 1598 4389 esse

423 4435 516 4495 rat-us
533 4426 681 4509 (anctore
696 4425 821 4510 Curtio)
838 4429 942 4511 primo
967 4428 1114 4495 additum
1138 4429 1238 4495 fnisse
1261 4429 1320 4494 iiiii
1342 4429 1459 4494 nomini
1485 4449 1597 4494 nomen
