3568 5294
711 596 930 668 ..29-

337 796 368 866 3.
392 798 419 864 si
449 819 490 864 ex
514 799 614 864 totius
644 799 829 864 sententiae
860 817 1019 864 conexu
1042 798 1145 864 uirum
1173 798 1255 864 idem
1281 797 1402 880 signifi-

229 927 304 973 care
328 926 367 973 ac
391 907 544 973 maritum
570 905 652 972 satis
677 905 819 972 dilucide
844 906 1065 987 cognoscitur:

339 1015 447 1080 Bacch
473 1011 548 1114 859,
573 1014 636 1079 Cas
661 1011 713 1094 58,
731 1013 803 1079 dist
826 1011 902 1095 175,
925 1013 998 1079 Men
1015 1009 1091 1095 560,
1115 1010 1288 1094 11111277,
1312 1012 1403 1080 Stich

232 1119 286 1203 99,
311 1119 386 1202 148,
410 1117 487 1202 283,
512 1121 583 1184 Hoc
608 1117 682 1185 166.

339 1227 369 1293 4.
394 1245 623 1308 nonnunquam
643 1227 783 1292 fortasse
799 1231 933 1308 propter
957 1225 1090 1292 odium
1116 1226 1180 1292 uiri
1196 1225 1318 1294 factum
1336 1233 1404 1294 ast:

338 1337 428 1400 Mero
453 1332 517 1400 667
541 1335 659 1400 Phornr
685 1331 760 1415 787,
785 1335 846 1400 Oas
870 1331 946 1401 678.
1313 1411 1315 1416 ,

339 1443 420 1507 Sunt
455 1441 561 1524 igilur
593 1442 675 1507 satis
703 1441 798 1507 multi
833 1441 914 1522 loci,
938 1441 991 1522 qui
1016 1441 1090 1506 huic
1114 1439 1181 1520 legi
1204 1447 1402 1524 repugnaut;

230 1551 287 1616 sed
312 1551 371 1615 hoc
391 1569 470 1614 sanc
491 1549 649 1615 affirmari
666 1555 776 1631 potest
793 1550 982 1631 plerumque
999 1568 1129 1630 operam
1149 1548 1233 1631 dari,
1256 1555 1402 1630 utquam

230 1656 408 1723 clarissime
431 1641 540 1721 utrum
565 1655 771 1734 significetur
795 1655 1009 1738 exprimatur.
1051 1655 1134 1736 quod
1158 1673 1289 1720 necesso
1306 1655 1405 1722 luisse

230 1785 270 1829 ex
287 1763 452 1829 nonnullis
470 1762 550 1828 locis
567 1763 799 1844 cognoscimus
817 1763 932 1844 quibus
948 1781 1006 1844 per
1021 1762 1124 1827 iocum
1142 1760 1227 1827 alius
1241 1762 1405 1843 maritum,
1444 1795 1447 1798 ·

231 1890 350 1937 marem
374 1871 459 1936 alius
481 1868 661 1951 significari
684 1874 820 1951 putant:

287 1998 290 2008 ·
343 1980 445 2059 Amph
480 1975 556 2044 814.
594 1971 686 2038 Am:
738 1969 799 2036 Vir
822 1994 886 2059 ego
910 1978 987 2036 tuos
1010 1972 1103 2037 solu?
1123 1994 1165 2037 ue
1187 1993 1240 2037 me
1263 1970 1405 2058 appello,

226 2081 342 2167 salsa,
355 2080 458 2167 salso
481 2080 623 2146 uorur'ue.
671 2079 756 2146 Sos:
778 2077 911 2145 Haeret
939 2079 1021 2145 haec
1046 2101 1103 2144 ros
1134 2079 1301 2166 siquidem
1324 2077 1405 2144 haec
1474 2107 1476 2110 ·

232 2189 303 2253 iam
326 2187 449 2253 mulier
462 2187 601 2274 factast
614 2209 655 2252 ex
677 2187 763 2254 uiro,

339 2299 429 2364 sucu
455 2297 531 2365 342.
576 2291 726 2380 Ecquem
750 2293 958 2359 conueuisli?
978 2290 1040 2359 Pl:
1062 2291 1203 2358 Multos
1240 2289 1334 2361 Pau:
1357 2295 1408 2363 At

231 2401 371 2466 olorum?
392 2399 456 2466 Pi:
479 2397 647 2486 Eqru'dem
664 2399 856 2487 plurumos,

340 2511 376 2578 cf
396 2511 495 2577 etiam
521 2511 591 2576 Cist
614 2509 666 2575 42.

340 2618 430 2702 Quae
453 2637 522 2684 cum
544 2619 593 2684 ita
617 2617 692 2700 sint,
717 2618 792 2701 quin
819 2617 870 2683 uis
893 2618 1052 2700 primaria
1074 2617 1211 2684 hominis
1235 2617 1403 2685 masculini

233 2725 283 2792 uel
309 2726 409 2792 maris
429 2726 473 2790 sit
490 2733 523 2790 et
540 2725 776 2806 antiquissimis
800 2725 1000 2807 temporibus
1023 2725 1085 2790 nisi
1110 2725 1271 2791 attributo
1294 2725 1406 2790 addito

235 2832 371 2898 maritus
403 2833 584 2914 significari
614 2832 742 2897 ounrino
765 2851 828 2896 non
854 2832 1007 2913 potuerit,
1032 2831 1174 2897 dubitari
1191 2851 1263 2896 non
1287 2838 1404 2913 potest.

232 2941 315 3004 bene
340 2940 504 3022 conuenit,
534 2939 616 3021 quod
647 2938 744 3004 etiam
767 2933 844 2999 vz‘rd
867 2939 1091 3004 sansoriticum
1116 2957 1237 3002 marem
1263 2943 1405 3003 tantum-

233 3047 336 3127 modo,
350 3067 412 3112 non
427 3047 581 3112 maritum
598 3045 763 3127 significat
773 3042 822 3126 (cf
832 3046 1010 3126 Delbri'rck,
1023 3044 1140 3122 Imlog.
1157 3045 1404 3110 Vernandtsch.

233 3171 253 3234 p
276 3149 365 3233 425).
412 3146 521 3234 itaque
545 3153 628 3218 hanc
652 3155 691 3218 ob
716 3171 846 3218 causam
877 3171 1002 3233 semper
1026 3146 1076 3212 uu'
1093 3146 1150 3211 uir
1172 3150 1236 3215 dici
1261 3152 1330 3216 ucri
1355 3161 1406 3217 ast

234 3258 442 3341 simillimum,
470 3259 555 3341 quod
586 3259 649 3324 uiri
684 3259 839 3325 uocabulo
870 3256 932 3339 ipsi
961 3257 1212 3340 antiquitus
1234 3259 1406 3340 propin-

234 3365 426 3446 quitatis
451 3365 518 3431 uis
542 3385 618 3431 non
643 3366 799 3430 inerat.

529 3507 1107 3574 5.onr-conirrnx.

346 3633 394 3699 nd
420 3633 548 3714 Adelph
566 3629 629 3698 973
643 3633 779 3698 Carolus
796 3631 959 3697 Duiatzko
976 3630 1119 3697 addidit:
1139 3647 1280 3690 uxorem
1296 3648 1406 3692 meum

236 3732 327 3801 urchi
349 3734 526 3820 conlugem
541 3756 663 3811 aueum,
679 3733 726 3799 do
739 3731 883 3799 Sclaveu
899 3757 967 3800 uur
977 3734 1023 3798 orn
1039 3730 1290 3799 contubernium
1303 3731 1411 3814 (uicdl'

238 3839 430 3922 conubium)
446 3839 549 3917 lebeu,
564 3838 658 3906 kezue
677 3838 871 3928 eugeutliche
887 3838 1099 3927 Ehestlhreu
1114 3838 1269 3906 kouuteu.
1304 3865 1406 3926 neque

236 3963 344 4018 tamen
364 3971 498 4034 prorsus
515 3958 602 4017 recte
617 3951 776 4018 iudicauit
799 3952 849 4017 uir
874 3951 1090 4034 doctissimus,
1112 3971 1305 4034 quamquam
1329 3953 1407 4033 quin

236 4079 289 4123 res
312 4058 383 4141 ipsa
407 4078 501 4140 quam
527 4057 624 4123 affert
647 4077 726 4124 uera
749 4059 804 4133 sit,
830 4058 975 4124 dubitari
1000 4078 1062 4124 non
1094 4066 1212 4140 potest.
1249 4078 1322 4124 uam
1352 4059 1407 4139 qui

236 4166 478 4231 adnotationem
509 4165 597 4231 illam
631 4166 764 4248 legerit,
794 4185 865 4232 eum
897 4172 1013 4248 putare
1045 4172 1175 4247 oportet
1207 4165 1407 4246 Terentium,

237 4274 292 4337 nbi
321 4273 360 4338 de
389 4293 466 4338 uero
502 4271 639 4337 conubio
670 4279 803 4352 agatur,
843 4272 990 4353 coniugis
1024 4290 1103 4337 uoce
1134 4271 1193 4338 uti.
1240 4273 1300 4338 hoc
1329 4291 1406 4338 uero

236 4379 427 4444 uocabulum
451 4398 580 4444 rrxorem
594 4378 782 4459 significans
799 4397 902 4459 neque
920 4378 1004 4460 apud
1021 4377 1171 4444 Plautum
1193 4396 1296 4458 neqrre
1321 4379 1407 4459 apud

237 4485 427 4550 Tererrtium
444 4483 620 4566 inuenitur,
641 4483 698 4548 sed
722 4502 849 4565 semper
873 4491 1050 4564 usurpatur
1073 4499 1193 4548 uxor:
