3568 5294
698 596 736 606 .-
785 559 917 630 25..

159 833 164 840 ,
222 764 329 823 autern
355 760 487 840 speque.
527 749 677 838 Ecquem
702 756 871 822 offensioni
906 776 966 822 non
992 757 1176 838 recepturo,
1207 776 1276 822 cum
1302 777 1342 823 ne
1365 758 1396 823 ei

223 863 362 945 quidem,
379 865 432 944 qui
450 863 572 930 blatum
591 864 730 929 maxime
747 863 951 946 impugnant,
976 865 1029 930 ubi
1046 863 1131 930 alius
1146 865 1233 946 loqui
1249 864 1395 947 incipiat,

222 969 367 1051 permitti
391 977 512 1052 negent
543 967 590 1053 [cf
611 972 676 1035 bur
693 972 780 1036 Most
803 969 879 1052 567,
908 971 964 1036 Mil
989 968 1065 1053 302,
1082 971 1179 1036 Klotz
1196 971 1396 1052 Grundziige

222 1075 334 1159 pm.
366 1078 485 1143 bliiller
509 1078 651 1144 Plautin.
691 1077 846 1143 Prosudie
871 1098 891 1160 p
915 1074 1003 1159 640).
1042 1071 1105 1138 huc
1129 1078 1213 1158 quud
1237 1081 1397 1159 praebent

222 1184 351 1250 codices
374 1185 516 1250 fortasse
540 1185 646 1250 teneri
670 1191 788 1268 petest,
813 1204 883 1251 cum
908 1184 1109 1267 adaequem
1135 1230 1141 1243 .
1167 1231 1203 1245 ..
1230 1231 1236 1244 .
1261 1179 1396 1247 uidistis

226 1293 319 1358 l‘acile
344 1291 440 1358 eundi
466 1292 659 1358 uocabulum
682 1293 885 1374 suppleatur.

723 1503 754 1570 4.
778 1505 808 1570 V
831 1505 842 1569 i
866 1525 893 1570 r.

330 1629 387 1694 llil
412 1608 749 1695 terminaturus
772 1629 836 1694 dici
862 1630 943 1695 Brix
967 1625 1020 1708 (ad
1042 1629 1096 1694 llil
1121 1627 1201 1708 686)
1226 1629 1399 1695 aduotauit

223 1743 256 1802 et
271 1736 308 1801 Ο.
322 1736 471 1802 Ribbeck
487 1733 584 1816 (blus.
601 1736 705 1801 Rben.
723 1733 870 1816 36,116)
887 1735 1070 1801 uncatiuum
1088 1731 1138 1795 mi
1150 1730 1206 1796 uir
1220 1735 1400 1801 nominauit

223 1837 423 1903 traulr'chcre
461 1837 610 1903 Anrede.
659 1851 746 1907 certe
783 1862 924 1920 uxorem,
964 1842 992 1907 si
1031 1863 1051 1907 n
1084 1843 1156 1909 uiro
1191 1842 1268 1924 quid
1304 1843 1398 1923 petit,

223 1950 366 2016 blandiri
390 1949 487 2015 facile
507 1950 748 2032 intellegemus:
795 1951 852 2016 sed
874 1950 1040 2016 uocabulis
1066 1944 1117 2010 mi
1145 1944 1202 2009 uir
1226 1948 1306 2031 ipsis
1333 1949 1398 2014 uim

223 2057 329 2122 inesse
365 2057 586 2124 blandientem
625 2077 758 2139 prorsus
782 2057 965 2140 negandum
990 2061 1050 2123 est.
1098 2075 1171 2122 nam
1208 2055 1399 2137 ubicumque

223 2167 341 2245 exstat,
369 2167 405 2228 nt
431 2163 634 2245 significetur
656 2165 804 2246 maritus
839 2158 896 2224 uri
918 2162 1070 2230 nocatiue
1102 2162 1237 2245 dictum,
1270 2181 1399 2244 semper

223 2269 368 2336 additum
405 2280 456 2336 est
494 2289 669 2351 pronomen
708 2266 765 2336 mi.
821 2290 916 2353 quam
952 2290 1020 2336 rem
1055 2270 1120 2336 iam
1153 2270 1180 2336 Ι.
1218 2270 1400 2336 Schroeder
1484 2359 1487 2364 Ι

224 2372 286 2454 (lla
316 2376 509 2457 fragmentis
540 2377 786 2459 Amphitruonis
820 2377 991 2444 Plautinae
1023 2376 1101 2444 diss.
1138 2380 1276 2460 Argunt.
1312 2374 1399 2444 1879

225 2504 245 2565 p
277 2479 332 2564 23)
349 2483 486 2565 siugulis
515 2484 595 2550 lucis
628 2504 690 2550 non
722 2485 920 2551 enumeratis
951 2485 1073 2552 attulit.
1107 2491 1183 2550 snut
1211 2491 1320 2550 autem
1350 2484 1400 2549 bi:

226 2593 329 2674 Amph
355 2588 429 2672 602,
454 2589 530 2671 710,
554 2589 631 2674 716,
655 2589 729 2674 812,
755 2593 817 2659 uas
841 2590 918 2675 586,
940 2590 1015 2675 588,
1041 2589 1117 2673 974,
1140 2590 1200 2656 Mil
1224 2588 1299 2669 687,
1324 2587 1400 2656 691.

227 2700 314 2764 Haut
346 2696 551 2779 6221005,
583 2696 679 2778 1015,
713 2695 810 2780 1048,
844 2699 963 2764 Pborm
1000 2694 1198 2780 991,1002,
1228 2697 1296 2763 Η66
1324 2694 1401 2779 235,

224 2803 299 2870 523.
337 2824 440 2886 neque
472 2814 579 2869 tamen
612 2805 645 2868 bi
668 2804 731 2869 1661
755 2824 865 2871 omnes
895 2805 1064 2870 blanditiis
1087 2803 1175 2886 pleni
1199 2811 1285 2885 sunt,
1305 2803 1401 2869 immo

225 2911 371 2977 noturulli
412 2911 585 2976 conuiciis:
645 2914 751 2994 Amplr
791 2909 856 2978 812
891 2929 953 2973 cur
986 2907 1082 2982 istuc,
1117 2905 1167 2971 mi
1197 2906 1262 2983 uer,
1296 2927 1337 2970 cx
1371 2911 1402 2970 te

225 3012 353 3079 auden?
391 3019 453 3084 Cas
482 3016 546 3084 974
583 3012 667 3101 quid
698 3013 779 3100 agis
812 3013 1001 3090 desmarite,
1042 3013 1093 3078 mi
1123 3012 1189 3089 uir,
1223 3010 1312 3077 unde
1341 3010 1402 3077 hoc

226 3125 351 3186 ornatu
386 3118 558 3186 aduenis?
591 3128 681 3192 Haut
717 3122 801 3192 1005
837 3120 937 3208 idque
961 3120 1047 3186 adeo
1080 3119 1199 3197 mr'ror,
1233 3117 1402 3206 quomodo

226 3233 297 3292 tum
333 3226 479 3312 caeptum
514 3227 695 3313 quicquum
733 3223 794 3292 tibi
826 3226 941 3291 uenere
979 3226 1014 3292 in
1051 3233 1213 3304 mentem,
1255 3225 1305 3291 mi
1335 3225 1402 3302 uri,

220 3333 380 3420 potuerit.
420 3357 597 3419 quaecum
630 3339 678 3404 ita
708 3339 784 3419 sint,
814 3358 854 3403 ne
889 3340 949 3404 boc
972 3337 1101 3420 quidem
1127 3339 1196 3404 loco
1227 3334 1299 3416 (Mil
1324 3334 1402 3417 687)

227 3439 278 3504 mi
297 3439 353 3504 uir
376 3445 496 3510 maiore
520 3464 591 3510 curn
616 3445 648 3510 ni
672 3445 737 3510 uici
761 3452 908 3527 apparet.
955 3443 1013 3510 sed
1036 3464 1133 3526 nunc,
1157 3464 1221 3526 qua
1245 3444 1284 3510 de
1304 3463 1403 3509 cansa

228 3547 278 3611 mi
297 3571 423 3633 semper
449 3551 601 3632 addatur,
625 3553 710 3633 quon
734 3571 813 3618 casu
836 3552 957 3618 iactum
984 3571 1055 3618 esse
1079 3569 1141 3640 nnn
1165 3559 1284 3634 potest,
1308 3569 1402 3617 accu-

229 3658 334 3724 ratius
357 3658 594 3741 perquiramus.

336 3769 384 3832 Ac
417 3767 552 3847 primum
585 3767 713 3848 quidem
747 3767 921 3833 tenendum
956 3773 1007 3834 est
1043 3771 1174 3850 praeter
1210 3763 1275 3830 uim
1313 3762 1401 3829 illem

230 3872 341 3938 mariti
369 3872 466 3938 aliam
497 3892 623 3955 qunque
659 3875 732 3941 bnie
763 3874 922 3941 uocabulo
957 3873 1080 3940 inesse:
1115 3872 1284 3954 significat
1318 3870 1402 3936 enim

230 3979 390 4046 bominem
416 3998 514 4045 sexus
549 3980 718 4046 masculini
753 3979 882 4046 leminis
917 3980 1111 4062 oppositum.
1151 3977 1234 4044 satis
1264 3976 1405 4044 dilucide

230 4090 312 4154 baec
335 4087 385 4152 uis
410 4086 625 4154 discernitur:
674 4090 780 4170 Ampb
803 4086 880 4170 814,
913 4088 994 4153 Asin
1024 4085 1100 4167 236,
1130 4083 1207 4165 237,
1236 4082 1313 4166 805,
1341 4085 1404 4150 Cas

231 4194 283 4276 47,
315 4191 396 4286 686,
433 4195 503 4260 Oist
534 4192 588 4277 43,
623 4191 683 4272 66,
715 4193 768 4276 86,
804 4193 880 4274 375,
912 4193 993 4277 376,
1023 4196 1106 4260 Ourc
1136 4191 1190 4273 57,
1221 4193 1295 4256 Men
1331 4189 1404 4270 660,
1475 4186 1483 4198 “

230 4302 321 4368 Merc
343 4291 434 4366 baut
463 4300 521 4366 Mil
546 4298 622 4383 338,
652 4298 747 4381 1392,
770 4301 857 4366 Poen
883 4298 978 4383 1204,
1004 4297 1101 4382 1318,
1125 4300 1198 4366 Rud
1224 4296 1286 4366 105
1317 4294 1405 4378 (bis),

233 4405 330 4494 1115,
355 4407 442 4474 Truc
467 4405 541 4492 134,
565 4406 641 4492 237,
666 4404 740 4489 810,
764 4404 842 4490 811,
864 4405 940 4474 813.
